%YAML 1.1
%TAG !u! tag:unity3d.com,2011:
--- !u!1 &3078633226915843884
GameObject:
  m_ObjectHideFlags: 0
  m_CorrespondingSourceObject: {fileID: 0}
  m_PrefabInstance: {fileID: 0}
  m_PrefabAsset: {fileID: 0}
  serializedVersion: 6
  m_Component:
  - component: {fileID: 3074613225320406158}
  m_Layer: 0
  m_Name: PT_Medieval_Spine2
  m_TagString: Untagged
  m_Icon: {fileID: 0}
  m_NavMeshLayer: 0
  m_StaticEditorFlags: 0
  m_IsActive: 1
--- !u!4 &3074613225320406158
Transform:
  m_ObjectHideFlags: 0
  m_CorrespondingSourceObject: {fileID: 0}
  m_PrefabInstance: {fileID: 0}
  m_PrefabAsset: {fileID: 0}
  m_GameObject: {fileID: 3078633226915843884}
  m_LocalRotation: {x: 0, y: -0, z: -0, w: 1}
  m_LocalPosition: {x: -0, y: 0.117735796, z: -0.003096688}
  m_LocalScale: {x: 1, y: 1, z: 1}
  m_Children:
  - {fileID: 3077619663323075198}
  m_Father: {fileID: 3074447809341718086}
  m_RootOrder: 0
  m_LocalEulerAnglesHint: {x: 0, y: 0, z: 0}
--- !u!1 &3078634077510549392
GameObject:
  m_ObjectHideFlags: 0
  m_CorrespondingSourceObject: {fileID: 0}
  m_PrefabInstance: {fileID: 0}
  m_PrefabAsset: {fileID: 0}
  serializedVersion: 6
  m_Component:
  - component: {fileID: 3074529407043477784}
  m_Layer: 0
  m_Name: PT_Medieval_LeftCape3
  m_TagString: Untagged
  m_Icon: {fileID: 0}
  m_NavMeshLayer: 0
  m_StaticEditorFlags: 0
  m_IsActive: 1
--- !u!4 &3074529407043477784
Transform:
  m_ObjectHideFlags: 0
  m_CorrespondingSourceObject: {fileID: 0}
  m_PrefabInstance: {fileID: 0}
  m_PrefabAsset: {fileID: 0}
  m_GameObject: {fileID: 3078634077510549392}
  m_LocalRotation: {x: 0, y: -0, z: -0, w: 1}
  m_LocalPosition: {x: -0.0056829997, y: 0.35933298, z: 0.03601654}
  m_LocalScale: {x: 1, y: 1, z: 1}
  m_Children:
  - {fileID: 3074548577207912010}
  m_Father: {fileID: 3074485123846433532}
  m_RootOrder: 0
  m_LocalEulerAnglesHint: {x: 0, y: 0, z: 0}
--- !u!1 &3078644264579550510
GameObject:
  m_ObjectHideFlags: 0
  m_CorrespondingSourceObject: {fileID: 0}
  m_PrefabInstance: {fileID: 0}
  m_PrefabAsset: {fileID: 0}
  serializedVersion: 6
  m_Component:
  - component: {fileID: 3077134674687244072}
  m_Layer: 0
  m_Name: PT_Medieval_HeadTop
  m_TagString: Untagged
  m_Icon: {fileID: 0}
  m_NavMeshLayer: 0
  m_StaticEditorFlags: 0
  m_IsActive: 1
--- !u!4 &3077134674687244072
Transform:
  m_ObjectHideFlags: 0
  m_CorrespondingSourceObject: {fileID: 0}
  m_PrefabInstance: {fileID: 0}
  m_PrefabAsset: {fileID: 0}
  m_GameObject: {fileID: 3078644264579550510}
  m_LocalRotation: {x: 0, y: -0, z: -0, w: 1}
  m_LocalPosition: {x: -0, y: 0.20320207, z: 0.014664958}
  m_LocalScale: {x: 1, y: 1, z: 1}
  m_Children: []
  m_Father: {fileID: 3077615746202832778}
  m_RootOrder: 0
  m_LocalEulerAnglesHint: {x: 0, y: 0, z: 0}
--- !u!1 &3078689980476458124
GameObject:
  m_ObjectHideFlags: 0
  m_CorrespondingSourceObject: {fileID: 0}
  m_PrefabInstance: {fileID: 0}
  m_PrefabAsset: {fileID: 0}
  serializedVersion: 6
  m_Component:
  - component: {fileID: 3077508599708912444}
  m_Layer: 0
  m_Name: PT_Medieval_LeftHandIndex2
  m_TagString: Untagged
  m_Icon: {fileID: 0}
  m_NavMeshLayer: 0
  m_StaticEditorFlags: 0
  m_IsActive: 1
--- !u!4 &3077508599708912444
Transform:
  m_ObjectHideFlags: 0
  m_CorrespondingSourceObject: {fileID: 0}
  m_PrefabInstance: {fileID: 0}
  m_PrefabAsset: {fileID: 0}
  m_GameObject: {fileID: 3078689980476458124}
  m_LocalRotation: {x: 0.09512609, y: -1.0561117e-16, z: 3.432363e-17, w: 0.9954652}
  m_LocalPosition: {x: 0.00096788263, y: 0.042752422, z: -0.0010528902}
  m_LocalScale: {x: 1, y: 1, z: 1}
  m_Children:
  - {fileID: 3077351043336369108}
  m_Father: {fileID: 3074520629186846534}
  m_RootOrder: 0
  m_LocalEulerAnglesHint: {x: 0, y: 0, z: 0}
--- !u!1 &3078693858405538770
GameObject:
  m_ObjectHideFlags: 0
  m_CorrespondingSourceObject: {fileID: 0}
  m_PrefabInstance: {fileID: 0}
  m_PrefabAsset: {fileID: 0}
  serializedVersion: 6
  m_Component:
  - component: {fileID: 3077314273177685184}
  m_Layer: 0
  m_Name: PT_Medieval_RightHandIndex3
  m_TagString: Untagged
  m_Icon: {fileID: 0}
  m_NavMeshLayer: 0
  m_StaticEditorFlags: 0
  m_IsActive: 1
--- !u!4 &3077314273177685184
Transform:
  m_ObjectHideFlags: 0
  m_CorrespondingSourceObject: {fileID: 0}
  m_PrefabInstance: {fileID: 0}
  m_PrefabAsset: {fileID: 0}
  m_GameObject: {fileID: 3078693858405538770}
  m_LocalRotation: {x: 0.16408321, y: -4.554224e-18, z: -5.4650688e-17, w: 0.9864465}
  m_LocalPosition: {x: 0.0013015644, y: -0.036721874, z: -0.0035456873}
  m_LocalScale: {x: 1, y: 1, z: 1}
  m_Children: []
  m_Father: {fileID: 3074510133243813466}
  m_RootOrder: 0
  m_LocalEulerAnglesHint: {x: 0, y: 0, z: 0}
--- !u!1 &3078708669886640414
GameObject:
  m_ObjectHideFlags: 0
  m_CorrespondingSourceObject: {fileID: 0}
  m_PrefabInstance: {fileID: 0}
  m_PrefabAsset: {fileID: 0}
  serializedVersion: 6
  m_Component:
  - component: {fileID: 3077628826914210776}
  m_Layer: 0
  m_Name: PT_Medieval_RightHand
  m_TagString: Untagged
  m_Icon: {fileID: 0}
  m_NavMeshLayer: 0
  m_StaticEditorFlags: 0
  m_IsActive: 1
--- !u!4 &3077628826914210776
Transform:
  m_ObjectHideFlags: 0
  m_CorrespondingSourceObject: {fileID: 0}
  m_PrefabInstance: {fileID: 0}
  m_PrefabAsset: {fileID: 0}
  m_GameObject: {fileID: 3078708669886640414}
  m_LocalRotation: {x: 0.023698648, y: 0.023616062, z: 0.047987886, w: 0.99828744}
  m_LocalPosition: {x: -0.005954667, y: -0.26189443, z: -0.0129441675}
  m_LocalScale: {x: 1, y: 1, z: 1}
  m_Children:
  - {fileID: 3074685672308470580}
  - {fileID: 3077490247019580364}
  - {fileID: 3074410206428455532}
  - {fileID: 3077608729560883370}
  - {fileID: 3077543960681539368}
  - {fileID: 3074602533657962282}
  m_Father: {fileID: 3074316546373643800}
  m_RootOrder: 0
  m_LocalEulerAnglesHint: {x: 0, y: 0, z: 0}
--- !u!1 &3078719421915428056
GameObject:
  m_ObjectHideFlags: 0
  m_CorrespondingSourceObject: {fileID: 0}
  m_PrefabInstance: {fileID: 0}
  m_PrefabAsset: {fileID: 0}
  serializedVersion: 6
  m_Component:
  - component: {fileID: 3074276549232204714}
  m_Layer: 0
  m_Name: PT_Medieval_LeftUpLeg
  m_TagString: Untagged
  m_Icon: {fileID: 0}
  m_NavMeshLayer: 0
  m_StaticEditorFlags: 0
  m_IsActive: 1
--- !u!4 &3074276549232204714
Transform:
  m_ObjectHideFlags: 0
  m_CorrespondingSourceObject: {fileID: 0}
  m_PrefabInstance: {fileID: 0}
  m_PrefabAsset: {fileID: 0}
  m_GameObject: {fileID: 3078719421915428056}
  m_LocalRotation: {x: -0.0002212346, y: 0.00899881, z: 0.99965745, w: 0.024576448}
  m_LocalPosition: {x: -0.073511474, y: -0.09832772, z: -0.011281601}
  m_LocalScale: {x: 1, y: 1, z: 1}
  m_Children:
  - {fileID: 3077417804690747012}
  - {fileID: 3074372456839380484}
  m_Father: {fileID: 3077471804674740892}
  m_RootOrder: 0
  m_LocalEulerAnglesHint: {x: 0, y: 0, z: 0}
--- !u!1 &3078725848197049360
GameObject:
  m_ObjectHideFlags: 0
  m_CorrespondingSourceObject: {fileID: 0}
  m_PrefabInstance: {fileID: 0}
  m_PrefabAsset: {fileID: 0}
  serializedVersion: 6
  m_Component:
  - component: {fileID: 3077085174039835000}
  m_Layer: 0
  m_Name: PT_Medieval_LeftToe
  m_TagString: Untagged
  m_Icon: {fileID: 0}
  m_NavMeshLayer: 0
  m_StaticEditorFlags: 0
  m_IsActive: 1
--- !u!4 &3077085174039835000
Transform:
  m_ObjectHideFlags: 0
  m_CorrespondingSourceObject: {fileID: 0}
  m_PrefabInstance: {fileID: 0}
  m_PrefabAsset: {fileID: 0}
  m_GameObject: {fileID: 3078725848197049360}
  m_LocalRotation: {x: 0.31465903, y: 0.08886059, z: -0.029601518, w: 0.94457257}
  m_LocalPosition: {x: 0.00003137395, y: 0.14365591, z: -0.0111103915}
  m_LocalScale: {x: 1, y: 1, z: 1}
  m_Children: []
  m_Father: {fileID: 3074459471573494874}
  m_RootOrder: 0
  m_LocalEulerAnglesHint: {x: 0, y: 0, z: 0}
--- !u!1 &3078748925298569046
GameObject:
  m_ObjectHideFlags: 0
  m_CorrespondingSourceObject: {fileID: 0}
  m_PrefabInstance: {fileID: 0}
  m_PrefabAsset: {fileID: 0}
  serializedVersion: 6
  m_Component:
  - component: {fileID: 3074563438856354244}
  m_Layer: 0
  m_Name: PT_Medieval_RightArm
  m_TagString: Untagged
  m_Icon: {fileID: 0}
  m_NavMeshLayer: 0
  m_StaticEditorFlags: 0
  m_IsActive: 1
--- !u!4 &3074563438856354244
Transform:
  m_ObjectHideFlags: 0
  m_CorrespondingSourceObject: {fileID: 0}
  m_PrefabInstance: {fileID: 0}
  m_PrefabAsset: {fileID: 0}
  m_GameObject: {fileID: 3078748925298569046}
  m_LocalRotation: {x: 0.55154246, y: 0.07780754, z: 0.08509236, w: 0.8261394}
  m_LocalPosition: {x: -0.0030670813, y: -0.11715899, z: 0.02757854}
  m_LocalScale: {x: 1, y: 1, z: 1}
  m_Children:
  - {fileID: 3074316546373643800}
  m_Father: {fileID: 3074771758600500562}
  m_RootOrder: 0
  m_LocalEulerAnglesHint: {x: 63.904003, y: 30.375002, z: 30.981}
--- !u!1 &3078750292722022184
GameObject:
  m_ObjectHideFlags: 0
  m_CorrespondingSourceObject: {fileID: 0}
  m_PrefabInstance: {fileID: 0}
  m_PrefabAsset: {fileID: 0}
  serializedVersion: 6
  m_Component:
  - component: {fileID: 3077402638959114786}
  m_Layer: 0
  m_Name: PT_Medieval_RightHandMiddle2
  m_TagString: Untagged
  m_Icon: {fileID: 0}
  m_NavMeshLayer: 0
  m_StaticEditorFlags: 0
  m_IsActive: 1
--- !u!4 &3077402638959114786
Transform:
  m_ObjectHideFlags: 0
  m_CorrespondingSourceObject: {fileID: 0}
  m_PrefabInstance: {fileID: 0}
  m_PrefabAsset: {fileID: 0}
  m_GameObject: {fileID: 3078750292722022184}
  m_LocalRotation: {x: 0.11922089, y: 2.4817834e-17, z: -6.618089e-17, w: 0.99286777}
  m_LocalPosition: {x: 0.0010686981, y: -0.043067947, z: 0.0011194815}
  m_LocalScale: {x: 1, y: 1, z: 1}
  m_Children:
  - {fileID: 3077531886547252048}
  m_Father: {fileID: 3074410206428455532}
  m_RootOrder: 0
  m_LocalEulerAnglesHint: {x: 0, y: 0, z: 0}
--- !u!1 &3078751885851762774
GameObject:
  m_ObjectHideFlags: 0
  m_CorrespondingSourceObject: {fileID: 0}
  m_PrefabInstance: {fileID: 0}
  m_PrefabAsset: {fileID: 0}
  serializedVersion: 6
  m_Component:
  - component: {fileID: 3074520629186846534}
  m_Layer: 0
  m_Name: PT_Medieval_LeftHandIndex1
  m_TagString: Untagged
  m_Icon: {fileID: 0}
  m_NavMeshLayer: 0
  m_StaticEditorFlags: 0
  m_IsActive: 1
--- !u!4 &3074520629186846534
Transform:
  m_ObjectHideFlags: 0
  m_CorrespondingSourceObject: {fileID: 0}
  m_PrefabInstance: {fileID: 0}
  m_PrefabAsset: {fileID: 0}
  m_GameObject: {fileID: 3078751885851762774}
  m_LocalRotation: {x: 0.055548213, y: -0.0029377441, z: -0.052730806, w: 0.99705833}
  m_LocalPosition: {x: 0.033899162, y: 0.09278098, z: -0.005699886}
  m_LocalScale: {x: 1, y: 1, z: 1}
  m_Children:
  - {fileID: 3077508599708912444}
  m_Father: {fileID: 3077256069796949770}
  m_RootOrder: 0
  m_LocalEulerAnglesHint: {x: 0, y: 0, z: 0}
--- !u!1 &3078905249666029723
GameObject:
  m_ObjectHideFlags: 0
  m_CorrespondingSourceObject: {fileID: 0}
  m_PrefabInstance: {fileID: 0}
  m_PrefabAsset: {fileID: 0}
  serializedVersion: 6
  m_Component:
  - component: {fileID: 3078905249666029722}
  m_Layer: 0
  m_Name: fallDestination (1)
  m_TagString: Untagged
  m_Icon: {fileID: 0}
  m_NavMeshLayer: 0
  m_StaticEditorFlags: 0
  m_IsActive: 1
--- !u!4 &3078905249666029722
Transform:
  m_ObjectHideFlags: 0
  m_CorrespondingSourceObject: {fileID: 0}
  m_PrefabInstance: {fileID: 0}
  m_PrefabAsset: {fileID: 0}
  m_GameObject: {fileID: 3078905249666029723}
  m_LocalRotation: {x: 0.9872931, y: -0, z: 0.15890957, w: 0}
  m_LocalPosition: {x: 0.006, y: 1.472, z: -0.039}
  m_LocalScale: {x: 0.80000114, y: 0.8000025, z: 0.80000174}
  m_Children: []
  m_Father: {fileID: 3077426183555283296}
  m_RootOrder: 2
  m_LocalEulerAnglesHint: {x: 0, y: 0, z: 0}
--- !u!1 &3078905251245565056
GameObject:
  m_ObjectHideFlags: 0
  m_CorrespondingSourceObject: {fileID: 0}
  m_PrefabInstance: {fileID: 0}
  m_PrefabAsset: {fileID: 0}
  serializedVersion: 6
  m_Component:
  - component: {fileID: 3078905251245565059}
  - component: {fileID: 3078905251245565058}
  m_Layer: 0
  m_Name: ExcecutionSword (1)
  m_TagString: Untagged
  m_Icon: {fileID: 0}
  m_NavMeshLayer: 0
  m_StaticEditorFlags: 0
  m_IsActive: 1
--- !u!4 &3078905251245565059
Transform:
  m_ObjectHideFlags: 0
  m_CorrespondingSourceObject: {fileID: 0}
  m_PrefabInstance: {fileID: 0}
  m_PrefabAsset: {fileID: 0}
  m_GameObject: {fileID: 3078905251245565056}
  m_LocalRotation: {x: 0.9872931, y: -0, z: 0.15890957, w: 0}
  m_LocalPosition: {x: -2.95, y: 2.8, z: -1.09}
  m_LocalScale: {x: 0.80000067, y: 0.80000126, z: 0.80000055}
  m_Children:
  - {fileID: 3077616910243677490}
  m_Father: {fileID: 3077426183555283296}
  m_RootOrder: 3
  m_LocalEulerAnglesHint: {x: 0, y: 0, z: 0}
--- !u!114 &3078905251245565058
MonoBehaviour:
  m_ObjectHideFlags: 0
  m_CorrespondingSourceObject: {fileID: 0}
  m_PrefabInstance: {fileID: 0}
  m_PrefabAsset: {fileID: 0}
  m_GameObject: {fileID: 3078905251245565056}
  m_Enabled: 1
  m_EditorHideFlags: 0
  m_Script: {fileID: 11500000, guid: 727f8303a1dcbb848a0bfe2d4c492d19, type: 3}
  m_Name: 
  m_EditorClassIdentifier: 
  sword: {fileID: 3079971780045606802}
  pressFText: {fileID: 0}
  fallDestination: {fileID: 3078905249666029722}
  player: {fileID: 0}
  rotateSpeed: 100
  fallSpeed: 40
  demacia: {fileID: 0}
  askForArrestText: {fileID: 0}
--- !u!1 &3079341107733470166
GameObject:
  m_ObjectHideFlags: 0
  m_CorrespondingSourceObject: {fileID: 0}
  m_PrefabInstance: {fileID: 0}
  m_PrefabAsset: {fileID: 0}
  serializedVersion: 6
  m_Component:
  - component: {fileID: 3077322848588933666}
  m_Layer: 0
  m_Name: PT_Medieval_LeftHandMiddle2
  m_TagString: Untagged
  m_Icon: {fileID: 0}
  m_NavMeshLayer: 0
  m_StaticEditorFlags: 0
  m_IsActive: 1
--- !u!4 &3077322848588933666
Transform:
  m_ObjectHideFlags: 0
  m_CorrespondingSourceObject: {fileID: 0}
  m_PrefabInstance: {fileID: 0}
  m_PrefabAsset: {fileID: 0}
  m_GameObject: {fileID: 3079341107733470166}
  m_LocalRotation: {x: 0.11922089, y: -1.8199745e-17, z: 2.97814e-17, w: 0.99286777}
  m_LocalPosition: {x: -0.0010686981, y: 0.043067947, z: -0.0011194815}
  m_LocalScale: {x: 1, y: 1, z: 1}
  m_Children:
  - {fileID: 3074514690170206044}
  m_Father: {fileID: 3074650761404710650}
  m_RootOrder: 0
  m_LocalEulerAnglesHint: {x: 0, y: 0, z: 0}
--- !u!1 &3079361402885332886
GameObject:
  m_ObjectHideFlags: 0
  m_CorrespondingSourceObject: {fileID: 0}
  m_PrefabInstance: {fileID: 0}
  m_PrefabAsset: {fileID: 0}
  serializedVersion: 6
  m_Component:
  - component: {fileID: 3074444766874402642}
  m_Layer: 0
  m_Name: PT_Medieval_RightHandPinky3
  m_TagString: Untagged
  m_Icon: {fileID: 0}
  m_NavMeshLayer: 0
  m_StaticEditorFlags: 0
  m_IsActive: 1
--- !u!4 &3074444766874402642
Transform:
  m_ObjectHideFlags: 0
  m_CorrespondingSourceObject: {fileID: 0}
  m_PrefabInstance: {fileID: 0}
  m_PrefabAsset: {fileID: 0}
  m_GameObject: {fileID: 3079361402885332886}
  m_LocalRotation: {x: -0.011456637, y: -1.1129495e-18, z: -7.313668e-18, w: 0.9999344}
  m_LocalPosition: {x: -0.0017718282, y: -0.024944266, z: 0.0021657655}
  m_LocalScale: {x: 1, y: 1, z: 1}
  m_Children: []
  m_Father: {fileID: 3074294906144452050}
  m_RootOrder: 0
  m_LocalEulerAnglesHint: {x: 0, y: 0, z: 0}
--- !u!1 &3079378440039040256
GameObject:
  m_ObjectHideFlags: 0
  m_CorrespondingSourceObject: {fileID: 0}
  m_PrefabInstance: {fileID: 0}
  m_PrefabAsset: {fileID: 0}
  serializedVersion: 6
  m_Component:
  - component: {fileID: 3074796991959224806}
  m_Layer: 0
  m_Name: PT_Medieval_Medium_Shield_slot
  m_TagString: Untagged
  m_Icon: {fileID: 0}
  m_NavMeshLayer: 0
  m_StaticEditorFlags: 0
  m_IsActive: 1
--- !u!4 &3074796991959224806
Transform:
  m_ObjectHideFlags: 0
  m_CorrespondingSourceObject: {fileID: 0}
  m_PrefabInstance: {fileID: 0}
  m_PrefabAsset: {fileID: 0}
  m_GameObject: {fileID: 3079378440039040256}
  m_LocalRotation: {x: 0.70922714, y: 0.69002116, z: 0.14373107, w: 0.014462543}
  m_LocalPosition: {x: 0.00076269294, y: 0.35668075, z: -0.003686358}
  m_LocalScale: {x: 1, y: 1, z: 1}
  m_Children: []
  m_Father: {fileID: 3074517557461315064}
  m_RootOrder: 3
  m_LocalEulerAnglesHint: {x: 0, y: 0, z: 0}
--- !u!1 &3079383843657270698
GameObject:
  m_ObjectHideFlags: 0
  m_CorrespondingSourceObject: {fileID: 0}
  m_PrefabInstance: {fileID: 0}
  m_PrefabAsset: {fileID: 0}
  serializedVersion: 6
  m_Component:
  - component: {fileID: 3077426183555283296}
  - component: {fileID: 3165744666764087418}
  - component: {fileID: 3078905249823656195}
  - component: {fileID: 3078905249823656194}
  - component: {fileID: 3078905249823656205}
  - component: {fileID: 3078905249823656192}
  m_Layer: 0
  m_Name: PT_Medieval_Peasant_01_e
  m_TagString: Innocent
  m_Icon: {fileID: 0}
  m_NavMeshLayer: 0
  m_StaticEditorFlags: 0
  m_IsActive: 1
--- !u!4 &3077426183555283296
Transform:
  m_ObjectHideFlags: 0
  m_CorrespondingSourceObject: {fileID: 0}
  m_PrefabInstance: {fileID: 0}
  m_PrefabAsset: {fileID: 0}
  m_GameObject: {fileID: 3079383843657270698}
  m_LocalRotation: {x: -0, y: 0.6185544, z: -0, w: 0.785742}
  m_LocalPosition: {x: 34.023693, y: 5.268381, z: 23.513407}
  m_LocalScale: {x: 3, y: 3, z: 3}
  m_Children:
  - {fileID: 3077471804674740892}
  - {fileID: 3077619734184114926}
  - {fileID: 3078905249666029722}
  - {fileID: 3078905251245565059}
  m_Father: {fileID: 0}
  m_RootOrder: 0
  m_LocalEulerAnglesHint: {x: 0, y: 76.421005, z: 0}
--- !u!95 &3165744666764087418
Animator:
  serializedVersion: 3
  m_ObjectHideFlags: 0
  m_CorrespondingSourceObject: {fileID: 0}
  m_PrefabInstance: {fileID: 0}
  m_PrefabAsset: {fileID: 0}
  m_GameObject: {fileID: 3079383843657270698}
  m_Enabled: 0
  m_Avatar: {fileID: 9000000, guid: 0eb09ac075e12f44591c1fe281d150f9, type: 3}
  m_Controller: {fileID: 9100000, guid: bd7c6bae0e1f14e4f9588f7ba101a052, type: 2}
  m_CullingMode: 1
  m_UpdateMode: 0
  m_ApplyRootMotion: 1
  m_LinearVelocityBlending: 0
  m_WarningMessage: 
  m_HasTransformHierarchy: 1
  m_AllowConstantClipSamplingOptimization: 1
  m_KeepAnimatorControllerStateOnDisable: 0
--- !u!54 &3078905249823656195
Rigidbody:
  m_ObjectHideFlags: 0
  m_CorrespondingSourceObject: {fileID: 0}
  m_PrefabInstance: {fileID: 0}
  m_PrefabAsset: {fileID: 0}
  m_GameObject: {fileID: 3079383843657270698}
  serializedVersion: 2
  m_Mass: 1
  m_Drag: 0
  m_AngularDrag: 0.05
  m_UseGravity: 1
  m_IsKinematic: 1
  m_Interpolate: 0
  m_Constraints: 0
  m_CollisionDetection: 0
--- !u!65 &3078905249823656194
BoxCollider:
  m_ObjectHideFlags: 0
  m_CorrespondingSourceObject: {fileID: 0}
  m_PrefabInstance: {fileID: 0}
  m_PrefabAsset: {fileID: 0}
  m_GameObject: {fileID: 3079383843657270698}
  m_Material: {fileID: 0}
  m_IsTrigger: 1
  m_Enabled: 1
  serializedVersion: 2
  m_Size: {x: 1, y: 1, z: 1.6767353}
  m_Center: {x: 0.00000003774725, y: 0, z: 0.61410534}
--- !u!65 &3078905249823656205
BoxCollider:
  m_ObjectHideFlags: 0
  m_CorrespondingSourceObject: {fileID: 0}
  m_PrefabInstance: {fileID: 0}
  m_PrefabAsset: {fileID: 0}
  m_GameObject: {fileID: 3079383843657270698}
  m_Material: {fileID: 0}
  m_IsTrigger: 0
  m_Enabled: 1
  serializedVersion: 2
  m_Size: {x: 0.424455, y: 2.3492665, z: 0.37831095}
  m_Center: {x: -0.009884977, y: 0.6746329, z: -0.008815753}
--- !u!114 &3078905249823656192
MonoBehaviour:
  m_ObjectHideFlags: 0
  m_CorrespondingSourceObject: {fileID: 0}
  m_PrefabInstance: {fileID: 0}
  m_PrefabAsset: {fileID: 0}
  m_GameObject: {fileID: 3079383843657270698}
  m_Enabled: 1
  m_EditorHideFlags: 0
  m_Script: {fileID: 11500000, guid: ff7957fae68c140499d22c6051c657b2, type: 3}
  m_Name: 
  m_EditorClassIdentifier: 
  sword:
  - {fileID: 3078905251245565056}
  - {fileID: 3079971780045606802}
  pressFText: {fileID: 0}
  arrestedText: {fileID: 0}
--- !u!1 &3079384457482968600
GameObject:
  m_ObjectHideFlags: 0
  m_CorrespondingSourceObject: {fileID: 0}
  m_PrefabInstance: {fileID: 0}
  m_PrefabAsset: {fileID: 0}
  serializedVersion: 6
  m_Component:
  - component: {fileID: 3077619734184114926}
  - component: {fileID: 3121915300998722978}
  m_Layer: 0
  m_Name: PT_Medieval_Peasant_01
  m_TagString: Untagged
  m_Icon: {fileID: 0}
  m_NavMeshLayer: 0
  m_StaticEditorFlags: 0
  m_IsActive: 1
--- !u!4 &3077619734184114926
Transform:
  m_ObjectHideFlags: 0
  m_CorrespondingSourceObject: {fileID: 0}
  m_PrefabInstance: {fileID: 0}
  m_PrefabAsset: {fileID: 0}
  m_GameObject: {fileID: 3079384457482968600}
  m_LocalRotation: {x: 0, y: -0, z: -0, w: 1}
  m_LocalPosition: {x: -0, y: 0, z: 0}
  m_LocalScale: {x: 1, y: 1, z: 1}
  m_Children: []
  m_Father: {fileID: 3077426183555283296}
  m_RootOrder: 1
  m_LocalEulerAnglesHint: {x: 0, y: 0, z: 0}
--- !u!137 &3121915300998722978
SkinnedMeshRenderer:
  m_ObjectHideFlags: 0
  m_CorrespondingSourceObject: {fileID: 0}
  m_PrefabInstance: {fileID: 0}
  m_PrefabAsset: {fileID: 0}
  m_GameObject: {fileID: 3079384457482968600}
  m_Enabled: 1
  m_CastShadows: 1
  m_ReceiveShadows: 1
  m_DynamicOccludee: 1
  m_MotionVectors: 1
  m_LightProbeUsage: 1
  m_ReflectionProbeUsage: 1
  m_RenderingLayerMask: 1
  m_RendererPriority: 0
  m_Materials:
  - {fileID: 2100000, guid: 22afcda8ed8075e4da06a1fca79e9d3e, type: 2}
  m_StaticBatchInfo:
    firstSubMesh: 0
    subMeshCount: 0
  m_StaticBatchRoot: {fileID: 0}
  m_ProbeAnchor: {fileID: 0}
  m_LightProbeVolumeOverride: {fileID: 0}
  m_ScaleInLightmap: 1
  m_PreserveUVs: 0
  m_IgnoreNormalsForChartDetection: 0
  m_ImportantGI: 0
  m_StitchLightmapSeams: 0
  m_SelectedEditorRenderState: 3
  m_MinimumChartSize: 4
  m_AutoUVMaxDistance: 0.5
  m_AutoUVMaxAngle: 89
  m_LightmapParameters: {fileID: 0}
  m_SortingLayerID: 0
  m_SortingLayer: 0
  m_SortingOrder: 0
  serializedVersion: 2
  m_Quality: 0
  m_UpdateWhenOffscreen: 0
  m_SkinnedMotionVectors: 1
  m_Mesh: {fileID: 4300000, guid: 0eb09ac075e12f44591c1fe281d150f9, type: 3}
  m_Bones:
  - {fileID: 3077471804674740892}
  - {fileID: 3074447809341718086}
  - {fileID: 3074613225320406158}
  - {fileID: 3077619663323075198}
  - {fileID: 3077239760491468080}
  - {fileID: 3077615746202832778}
  - {fileID: 3077134674687244072}
  - {fileID: 3074771758600500562}
  - {fileID: 3074563438856354244}
  - {fileID: 3074316546373643800}
  - {fileID: 3077628826914210776}
  - {fileID: 3074602533657962282}
  - {fileID: 3074606016659628114}
  - {fileID: 3077267570530480920}
  - {fileID: 3077490247019580364}
  - {fileID: 3074510133243813466}
  - {fileID: 3077314273177685184}
  - {fileID: 3074410206428455532}
  - {fileID: 3077402638959114786}
  - {fileID: 3077531886547252048}
  - {fileID: 3077543960681539368}
  - {fileID: 3074450663734619766}
  - {fileID: 3077636367919841160}
  - {fileID: 3077608729560883370}
  - {fileID: 3074294906144452050}
  - {fileID: 3074444766874402642}
  - {fileID: 3077425772935447788}
  - {fileID: 3074494010520331410}
  - {fileID: 3074517557461315064}
  - {fileID: 3077256069796949770}
  - {fileID: 3074780696152564712}
  - {fileID: 3074775025394450552}
  - {fileID: 3074289249110220792}
  - {fileID: 3074520629186846534}
  - {fileID: 3077508599708912444}
  - {fileID: 3077351043336369108}
  - {fileID: 3074650761404710650}
  - {fileID: 3077322848588933666}
  - {fileID: 3074514690170206044}
  - {fileID: 3074370521171782132}
  - {fileID: 3077091283767229888}
  - {fileID: 3074320460895095756}
  - {fileID: 3077300714928969140}
  - {fileID: 3074328652035577208}
  - {fileID: 3074654490707441090}
  - {fileID: 3074588435471791520}
  - {fileID: 3077282406731567568}
  - {fileID: 3074591315468444128}
  - {fileID: 3077565286914987568}
  - {fileID: 3077548316499052274}
  - {fileID: 3074485123846433532}
  - {fileID: 3074529407043477784}
  - {fileID: 3074548577207912010}
  - {fileID: 3074276549232204714}
  - {fileID: 3077417804690747012}
  - {fileID: 3074459471573494874}
  - {fileID: 3077085174039835000}
  - {fileID: 3074579214875958994}
  - {fileID: 3077533055376428236}
  - {fileID: 3074333777790302238}
  - {fileID: 3074823986609621440}
  m_BlendShapeWeights: []
  m_RootBone: {fileID: 3077471804674740892}
  m_AABB:
    m_Center: {x: 0.000000029802322, y: -0.19536501, z: -0.006177388}
    m_Extent: {x: 0.92435706, y: 0.959703, z: 0.22002}
  m_DirtyAABB: 0
--- !u!1 &3079399117931113804
GameObject:
  m_ObjectHideFlags: 0
  m_CorrespondingSourceObject: {fileID: 0}
  m_PrefabInstance: {fileID: 0}
  m_PrefabAsset: {fileID: 0}
  serializedVersion: 6
  m_Component:
  - component: {fileID: 3074775025394450552}
  m_Layer: 0
  m_Name: PT_Medieval_LeftHandThumb2
  m_TagString: Untagged
  m_Icon: {fileID: 0}
  m_NavMeshLayer: 0
  m_StaticEditorFlags: 0
  m_IsActive: 1
--- !u!4 &3074775025394450552
Transform:
  m_ObjectHideFlags: 0
  m_CorrespondingSourceObject: {fileID: 0}
  m_PrefabInstance: {fileID: 0}
  m_PrefabAsset: {fileID: 0}
  m_GameObject: {fileID: 3079399117931113804}
  m_LocalRotation: {x: 0.03892264, y: 6.4819217e-18, z: 3.0282728e-17, w: 0.99924225}
  m_LocalPosition: {x: 0.009661474, y: 0.06264963, z: 0.008649425}
  m_LocalScale: {x: 1, y: 1, z: 1}
  m_Children:
  - {fileID: 3074289249110220792}
  m_Father: {fileID: 3074780696152564712}
  m_RootOrder: 0
  m_LocalEulerAnglesHint: {x: 0, y: 0, z: 0}
--- !u!1 &3079416182223036228
GameObject:
  m_ObjectHideFlags: 0
  m_CorrespondingSourceObject: {fileID: 0}
  m_PrefabInstance: {fileID: 0}
  m_PrefabAsset: {fileID: 0}
  serializedVersion: 6
  m_Component:
  - component: {fileID: 3077471804674740892}
  m_Layer: 0
  m_Name: PT_Medieval_Hips
  m_TagString: Untagged
  m_Icon: {fileID: 0}
  m_NavMeshLayer: 0
  m_StaticEditorFlags: 0
  m_IsActive: 1
--- !u!4 &3077471804674740892
Transform:
  m_ObjectHideFlags: 0
  m_CorrespondingSourceObject: {fileID: 0}
  m_PrefabInstance: {fileID: 0}
  m_PrefabAsset: {fileID: 0}
  m_GameObject: {fileID: 3079416182223036228}
  m_LocalRotation: {x: 0, y: -0, z: -0, w: 1}
  m_LocalPosition: {x: -0, y: 1.0312524, z: 0.018636022}
  m_LocalScale: {x: 1, y: 1, z: 1}
  m_Children:
  - {fileID: 3074276549232204714}
  - {fileID: 3074579214875958994}
  - {fileID: 3074447809341718086}
  m_Father: {fileID: 3077426183555283296}
  m_RootOrder: 0
  m_LocalEulerAnglesHint: {x: 0, y: 0, z: 0}
--- !u!1 &3079418059409827416
GameObject:
  m_ObjectHideFlags: 0
  m_CorrespondingSourceObject: {fileID: 0}
  m_PrefabInstance: {fileID: 0}
  m_PrefabAsset: {fileID: 0}
  serializedVersion: 6
  m_Component:
  - component: {fileID: 3074316546373643800}
  m_Layer: 0
  m_Name: PT_Medieval_RightForeArm
  m_TagString: Untagged
  m_Icon: {fileID: 0}
  m_NavMeshLayer: 0
  m_StaticEditorFlags: 0
  m_IsActive: 1
--- !u!4 &3074316546373643800
Transform:
  m_ObjectHideFlags: 0
  m_CorrespondingSourceObject: {fileID: 0}
  m_PrefabInstance: {fileID: 0}
  m_PrefabAsset: {fileID: 0}
  m_GameObject: {fileID: 3079418059409827416}
  m_LocalRotation: {x: -0.1194774, y: 0.004352882, z: -0.036147382, w: 0.99216914}
  m_LocalPosition: {x: 0.0016893874, y: -0.2694033, z: 0.037285056}
  m_LocalScale: {x: 1, y: 1, z: 1}
  m_Children:
  - {fileID: 3077628826914210776}
  m_Father: {fileID: 3074563438856354244}
  m_RootOrder: 0
  m_LocalEulerAnglesHint: {x: 0, y: 0, z: 0}
--- !u!1 &3079420118406372226
GameObject:
  m_ObjectHideFlags: 0
  m_CorrespondingSourceObject: {fileID: 0}
  m_PrefabInstance: {fileID: 0}
  m_PrefabAsset: {fileID: 0}
  serializedVersion: 6
  m_Component:
  - component: {fileID: 3074494010520331410}
  m_Layer: 0
  m_Name: PT_Medieval_LeftArm
  m_TagString: Untagged
  m_Icon: {fileID: 0}
  m_NavMeshLayer: 0
  m_StaticEditorFlags: 0
  m_IsActive: 1
--- !u!4 &3074494010520331410
Transform:
  m_ObjectHideFlags: 0
  m_CorrespondingSourceObject: {fileID: 0}
  m_PrefabInstance: {fileID: 0}
  m_PrefabAsset: {fileID: 0}
  m_GameObject: {fileID: 3079420118406372226}
  m_LocalRotation: {x: 0.592878, y: -0.1031974, z: 0.0077922335, w: 0.79861456}
  m_LocalPosition: {x: 0.0030674892, y: 0.11715869, z: -0.027578427}
  m_LocalScale: {x: 1, y: 1, z: 1}
  m_Children:
  - {fileID: 3074517557461315064}
  m_Father: {fileID: 3077425772935447788}
  m_RootOrder: 0
  m_LocalEulerAnglesHint: {x: 71.545006, y: -29.439001, z: -20.318}
--- !u!1 &3079446117340975614
GameObject:
  m_ObjectHideFlags: 0
  m_CorrespondingSourceObject: {fileID: 0}
  m_PrefabInstance: {fileID: 0}
  m_PrefabAsset: {fileID: 0}
  serializedVersion: 6
  m_Component:
  - component: {fileID: 3074650761404710650}
  m_Layer: 0
  m_Name: PT_Medieval_LeftHandMiddle1
  m_TagString: Untagged
  m_Icon: {fileID: 0}
  m_NavMeshLayer: 0
  m_StaticEditorFlags: 0
  m_IsActive: 1
--- !u!4 &3074650761404710650
Transform:
  m_ObjectHideFlags: 0
  m_CorrespondingSourceObject: {fileID: 0}
  m_PrefabInstance: {fileID: 0}
  m_PrefabAsset: {fileID: 0}
  m_GameObject: {fileID: 3079446117340975614}
  m_LocalRotation: {x: 0.07121196, y: -0.0049869064, z: -0.069679745, w: 0.9950119}
  m_LocalPosition: {x: 0.006663853, y: 0.10554572, z: -0.0064793355}
  m_LocalScale: {x: 1, y: 1, z: 1}
  m_Children:
  - {fileID: 3077322848588933666}
  m_Father: {fileID: 3077256069796949770}
  m_RootOrder: 1
  m_LocalEulerAnglesHint: {x: 0, y: 0, z: 0}
--- !u!1 &3079448740760170786
GameObject:
  m_ObjectHideFlags: 0
  m_CorrespondingSourceObject: {fileID: 0}
  m_PrefabInstance: {fileID: 0}
  m_PrefabAsset: {fileID: 0}
  serializedVersion: 6
  m_Component:
  - component: {fileID: 3074579214875958994}
  m_Layer: 0
  m_Name: PT_Medieval_RightUpLeg
  m_TagString: Untagged
  m_Icon: {fileID: 0}
  m_NavMeshLayer: 0
  m_StaticEditorFlags: 0
  m_IsActive: 1
--- !u!4 &3074579214875958994
Transform:
  m_ObjectHideFlags: 0
  m_CorrespondingSourceObject: {fileID: 0}
  m_PrefabInstance: {fileID: 0}
  m_PrefabAsset: {fileID: 0}
  m_GameObject: {fileID: 3079448740760170786}
  m_LocalRotation: {x: 0.00016803626, y: 0.006834478, z: 0.99967456, w: -0.024578555}
  m_LocalPosition: {x: 0.073511474, y: -0.09832772, z: -0.010343302}
  m_LocalScale: {x: 1, y: 1, z: 1}
  m_Children:
  - {fileID: 3077533055376428236}
  - {fileID: 3074398478763493742}
  m_Father: {fileID: 3077471804674740892}
  m_RootOrder: 1
  m_LocalEulerAnglesHint: {x: 0, y: 0, z: 0}
--- !u!1 &3079449441327337618
GameObject:
  m_ObjectHideFlags: 0
  m_CorrespondingSourceObject: {fileID: 0}
  m_PrefabInstance: {fileID: 0}
  m_PrefabAsset: {fileID: 0}
  serializedVersion: 6
  m_Component:
  - component: {fileID: 3074514690170206044}
  m_Layer: 0
  m_Name: PT_Medieval_LeftHandMiddle3
  m_TagString: Untagged
  m_Icon: {fileID: 0}
  m_NavMeshLayer: 0
  m_StaticEditorFlags: 0
  m_IsActive: 1
--- !u!4 &3074514690170206044
Transform:
  m_ObjectHideFlags: 0
  m_CorrespondingSourceObject: {fileID: 0}
  m_PrefabInstance: {fileID: 0}
  m_PrefabAsset: {fileID: 0}
  m_GameObject: {fileID: 3079449441327337618}
  m_LocalRotation: {x: 0.045742024, y: -2.5391924e-18, z: 1.3965558e-17, w: 0.9989533}
  m_LocalPosition: {x: -0.0023735352, y: 0.03550315, z: 0.0069762617}
  m_LocalScale: {x: 1, y: 1, z: 1}
  m_Children: []
  m_Father: {fileID: 3077322848588933666}
  m_RootOrder: 0
  m_LocalEulerAnglesHint: {x: 0, y: 0, z: 0}
--- !u!1 &3079475490365490964
GameObject:
  m_ObjectHideFlags: 0
  m_CorrespondingSourceObject: {fileID: 0}
  m_PrefabInstance: {fileID: 0}
  m_PrefabAsset: {fileID: 0}
  serializedVersion: 6
  m_Component:
  - component: {fileID: 3074685672308470580}
  m_Layer: 0
  m_Name: PT_Medieval_Right_Hand_Weapon_slot
  m_TagString: Untagged
  m_Icon: {fileID: 0}
  m_NavMeshLayer: 0
  m_StaticEditorFlags: 0
  m_IsActive: 1
--- !u!4 &3074685672308470580
Transform:
  m_ObjectHideFlags: 0
  m_CorrespondingSourceObject: {fileID: 0}
  m_PrefabInstance: {fileID: 0}
  m_PrefabAsset: {fileID: 0}
  m_GameObject: {fileID: 3079475490365490964}
  m_LocalRotation: {x: 0.65023524, y: 0.7249253, z: -0.1828025, w: 0.13513233}
  m_LocalPosition: {x: -0.0193496, y: -0.099109754, z: -0.023399422}
  m_LocalScale: {x: 1, y: 1, z: 1}
  m_Children: []
  m_Father: {fileID: 3077628826914210776}
  m_RootOrder: 0
  m_LocalEulerAnglesHint: {x: 0, y: 0, z: 0}
--- !u!1 &3079486224623387794
GameObject:
  m_ObjectHideFlags: 0
  m_CorrespondingSourceObject: {fileID: 0}
  m_PrefabInstance: {fileID: 0}
  m_PrefabAsset: {fileID: 0}
  serializedVersion: 6
  m_Component:
  - component: {fileID: 3074450663734619766}
  m_Layer: 0
  m_Name: PT_Medieval_RightHandRing2
  m_TagString: Untagged
  m_Icon: {fileID: 0}
  m_NavMeshLayer: 0
  m_StaticEditorFlags: 0
  m_IsActive: 1
--- !u!4 &3074450663734619766
Transform:
  m_ObjectHideFlags: 0
  m_CorrespondingSourceObject: {fileID: 0}
  m_PrefabInstance: {fileID: 0}
  m_PrefabAsset: {fileID: 0}
  m_GameObject: {fileID: 3079486224623387794}
  m_LocalRotation: {x: 0.047358066, y: -2.7603457e-17, z: -1.8402305e-17, w: 0.998878}
  m_LocalPosition: {x: 0.0044584293, y: -0.040057946, z: 0.0016473437}
  m_LocalScale: {x: 1, y: 1, z: 1}
  m_Children:
  - {fileID: 3077636367919841160}
  m_Father: {fileID: 3077543960681539368}
  m_RootOrder: 0
  m_LocalEulerAnglesHint: {x: 0, y: 0, z: 0}
--- !u!1 &3079487210451225228
GameObject:
  m_ObjectHideFlags: 0
  m_CorrespondingSourceObject: {fileID: 0}
  m_PrefabInstance: {fileID: 0}
  m_PrefabAsset: {fileID: 0}
  serializedVersion: 6
  m_Component:
  - component: {fileID: 3077425772935447788}
  m_Layer: 0
  m_Name: PT_Medieval_LeftShoulder
  m_TagString: Untagged
  m_Icon: {fileID: 0}
  m_NavMeshLayer: 0
  m_StaticEditorFlags: 0
  m_IsActive: 1
--- !u!4 &3077425772935447788
Transform:
  m_ObjectHideFlags: 0
  m_CorrespondingSourceObject: {fileID: 0}
  m_PrefabInstance: {fileID: 0}
  m_PrefabAsset: {fileID: 0}
  m_GameObject: {fileID: 3079487210451225228}
  m_LocalRotation: {x: 0.5548358, y: -0.43446514, z: 0.57201356, w: 0.41975915}
  m_LocalPosition: {x: -0.065679304, y: 0.065528035, z: -0.0067431717}
  m_LocalScale: {x: 1, y: 1, z: 1}
  m_Children:
  - {fileID: 3074494010520331410}
  m_Father: {fileID: 3077619663323075198}
  m_RootOrder: 1
  m_LocalEulerAnglesHint: {x: 0, y: 0, z: 0}
--- !u!1 &3079497649833024866
GameObject:
  m_ObjectHideFlags: 0
  m_CorrespondingSourceObject: {fileID: 0}
  m_PrefabInstance: {fileID: 0}
  m_PrefabAsset: {fileID: 0}
  serializedVersion: 6
  m_Component:
  - component: {fileID: 3077351043336369108}
  m_Layer: 0
  m_Name: PT_Medieval_LeftHandIndex3
  m_TagString: Untagged
  m_Icon: {fileID: 0}
  m_NavMeshLayer: 0
  m_StaticEditorFlags: 0
  m_IsActive: 1
--- !u!4 &3077351043336369108
Transform:
  m_ObjectHideFlags: 0
  m_CorrespondingSourceObject: {fileID: 0}
  m_PrefabInstance: {fileID: 0}
  m_PrefabAsset: {fileID: 0}
  m_GameObject: {fileID: 3079497649833024866}
  m_LocalRotation: {x: 0.16408321, y: -1.6850629e-16, z: 8.653025e-17, w: 0.9864465}
  m_LocalPosition: {x: -0.0013015644, y: 0.036721874, z: 0.0035456873}
  m_LocalScale: {x: 1, y: 1, z: 1}
  m_Children: []
  m_Father: {fileID: 3077508599708912444}
  m_RootOrder: 0
  m_LocalEulerAnglesHint: {x: 0, y: 0, z: 0}
--- !u!1 &3079505649151908034
GameObject:
  m_ObjectHideFlags: 0
  m_CorrespondingSourceObject: {fileID: 0}
  m_PrefabInstance: {fileID: 0}
  m_PrefabAsset: {fileID: 0}
  serializedVersion: 6
  m_Component:
  - component: {fileID: 3074333777790302238}
  m_Layer: 0
  m_Name: PT_Medieval_RightFoot
  m_TagString: Untagged
  m_Icon: {fileID: 0}
  m_NavMeshLayer: 0
  m_StaticEditorFlags: 0
  m_IsActive: 1
--- !u!4 &3074333777790302238
Transform:
  m_ObjectHideFlags: 0
  m_CorrespondingSourceObject: {fileID: 0}
  m_PrefabInstance: {fileID: 0}
  m_PrefabAsset: {fileID: 0}
  m_GameObject: {fileID: 3079505649151908034}
  m_LocalRotation: {x: 0.4818592, y: -0.0007733488, z: 0.0004252736, w: 0.87624824}
  m_LocalPosition: {x: 0.000060474285, y: 0.4042705, z: -0.013081952}
  m_LocalScale: {x: 1, y: 1, z: 1}
  m_Children:
  - {fileID: 3074823986609621440}
  m_Father: {fileID: 3077533055376428236}
  m_RootOrder: 0
  m_LocalEulerAnglesHint: {x: 0, y: 0, z: 0}
--- !u!1 &3079508751677315210
GameObject:
  m_ObjectHideFlags: 0
  m_CorrespondingSourceObject: {fileID: 0}
  m_PrefabInstance: {fileID: 0}
  m_PrefabAsset: {fileID: 0}
  serializedVersion: 6
  m_Component:
  - component: {fileID: 3077300714928969140}
  m_Layer: 0
  m_Name: PT_Medieval_LeftHandPinky1
  m_TagString: Untagged
  m_Icon: {fileID: 0}
  m_NavMeshLayer: 0
  m_StaticEditorFlags: 0
  m_IsActive: 1
--- !u!4 &3077300714928969140
Transform:
  m_ObjectHideFlags: 0
  m_CorrespondingSourceObject: {fileID: 0}
  m_PrefabInstance: {fileID: 0}
  m_PrefabAsset: {fileID: 0}
  m_GameObject: {fileID: 3079508751677315210}
  m_LocalRotation: {x: 0.20583394, y: 0.0075915214, z: 0.036066417, w: 0.97789264}
  m_LocalPosition: {x: -0.042899612, y: 0.094950385, z: -0.0031276178}
  m_LocalScale: {x: 1, y: 1, z: 1}
  m_Children:
  - {fileID: 3074328652035577208}
  m_Father: {fileID: 3077256069796949770}
  m_RootOrder: 2
  m_LocalEulerAnglesHint: {x: 0, y: 0, z: 0}
--- !u!1 &3079510400814373550
GameObject:
  m_ObjectHideFlags: 0
  m_CorrespondingSourceObject: {fileID: 0}
  m_PrefabInstance: {fileID: 0}
  m_PrefabAsset: {fileID: 0}
  serializedVersion: 6
  m_Component:
  - component: {fileID: 3077256069796949770}
  m_Layer: 0
  m_Name: PT_Medieval_LeftHand
  m_TagString: Untagged
  m_Icon: {fileID: 0}
  m_NavMeshLayer: 0
  m_StaticEditorFlags: 0
  m_IsActive: 1
--- !u!4 &3077256069796949770
Transform:
  m_ObjectHideFlags: 0
  m_CorrespondingSourceObject: {fileID: 0}
  m_PrefabInstance: {fileID: 0}
  m_PrefabAsset: {fileID: 0}
  m_GameObject: {fileID: 3079510400814373550}
  m_LocalRotation: {x: 0.023698648, y: 0.023616062, z: 0.047987886, w: 0.99828744}
  m_LocalPosition: {x: 0.005954175, y: 0.26189423, z: 0.012948267}
  m_LocalScale: {x: 1, y: 1, z: 1}
  m_Children:
  - {fileID: 3074520629186846534}
  - {fileID: 3074650761404710650}
  - {fileID: 3077300714928969140}
  - {fileID: 3074370521171782132}
  - {fileID: 3074780696152564712}
  m_Father: {fileID: 3074517557461315064}
  m_RootOrder: 2
  m_LocalEulerAnglesHint: {x: 0, y: 0, z: 0}
--- !u!1 &3079511238918231492
GameObject:
  m_ObjectHideFlags: 0
  m_CorrespondingSourceObject: {fileID: 0}
  m_PrefabInstance: {fileID: 0}
  m_PrefabAsset: {fileID: 0}
  serializedVersion: 6
  m_Component:
  - component: {fileID: 3074823986609621440}
  m_Layer: 0
  m_Name: PT_Medieval_RightToe
  m_TagString: Untagged
  m_Icon: {fileID: 0}
  m_NavMeshLayer: 0
  m_StaticEditorFlags: 0
  m_IsActive: 1
--- !u!4 &3074823986609621440
Transform:
  m_ObjectHideFlags: 0
  m_CorrespondingSourceObject: {fileID: 0}
  m_PrefabInstance: {fileID: 0}
  m_PrefabAsset: {fileID: 0}
  m_GameObject: {fileID: 3079511238918231492}
  m_LocalRotation: {x: 0.32279554, y: -0.08884289, z: 0.03045037, w: 0.9417976}
  m_LocalPosition: {x: -0.000025255247, y: 0.1438179, z: -0.0088649485}
  m_LocalScale: {x: 1, y: 1, z: 1}
  m_Children: []
  m_Father: {fileID: 3074333777790302238}
  m_RootOrder: 0
  m_LocalEulerAnglesHint: {x: 0, y: 0, z: 0}
--- !u!1 &3079531952673253568
GameObject:
  m_ObjectHideFlags: 0
  m_CorrespondingSourceObject: {fileID: 0}
  m_PrefabInstance: {fileID: 0}
  m_PrefabAsset: {fileID: 0}
  serializedVersion: 6
  m_Component:
  - component: {fileID: 3077490247019580364}
  m_Layer: 0
  m_Name: PT_Medieval_RightHandIndex1
  m_TagString: Untagged
  m_Icon: {fileID: 0}
  m_NavMeshLayer: 0
  m_StaticEditorFlags: 0
  m_IsActive: 1
--- !u!4 &3077490247019580364
Transform:
  m_ObjectHideFlags: 0
  m_CorrespondingSourceObject: {fileID: 0}
  m_PrefabInstance: {fileID: 0}
  m_PrefabAsset: {fileID: 0}
  m_GameObject: {fileID: 3079531952673253568}
  m_LocalRotation: {x: 0.055548213, y: -0.0029377441, z: -0.052730806, w: 0.99705833}
  m_LocalPosition: {x: -0.033899162, y: -0.09278098, z: 0.005699886}
  m_LocalScale: {x: 1, y: 1, z: 1}
  m_Children:
  - {fileID: 3074510133243813466}
  m_Father: {fileID: 3077628826914210776}
  m_RootOrder: 1
  m_LocalEulerAnglesHint: {x: 0, y: 0, z: 0}
--- !u!1 &3079532732358935362
GameObject:
  m_ObjectHideFlags: 0
  m_CorrespondingSourceObject: {fileID: 0}
  m_PrefabInstance: {fileID: 0}
  m_PrefabAsset: {fileID: 0}
  serializedVersion: 6
  m_Component:
  - component: {fileID: 3074521812170858914}
  m_Layer: 0
  m_Name: PT_Medieval_Medium_Bow_slot
  m_TagString: Untagged
  m_Icon: {fileID: 0}
  m_NavMeshLayer: 0
  m_StaticEditorFlags: 0
  m_IsActive: 1
--- !u!4 &3074521812170858914
Transform:
  m_ObjectHideFlags: 0
  m_CorrespondingSourceObject: {fileID: 0}
  m_PrefabInstance: {fileID: 0}
  m_PrefabAsset: {fileID: 0}
  m_GameObject: {fileID: 3079532732358935362}
  m_LocalRotation: {x: 0.4119161, y: -0.074476846, z: 0.8751432, w: 0.24269892}
  m_LocalPosition: {x: -0.06086113, y: -0.023988165, z: -0.16310365}
  m_LocalScale: {x: 1, y: 1, z: 1}
  m_Children: []
  m_Father: {fileID: 3077619663323075198}
  m_RootOrder: 3
  m_LocalEulerAnglesHint: {x: 0, y: 0, z: 0}
--- !u!1 &3079563410797792624
GameObject:
  m_ObjectHideFlags: 0
  m_CorrespondingSourceObject: {fileID: 0}
  m_PrefabInstance: {fileID: 0}
  m_PrefabAsset: {fileID: 0}
  serializedVersion: 6
  m_Component:
  - component: {fileID: 3077608729560883370}
  m_Layer: 0
  m_Name: PT_Medieval_RightHandPinky1
  m_TagString: Untagged
  m_Icon: {fileID: 0}
  m_NavMeshLayer: 0
  m_StaticEditorFlags: 0
  m_IsActive: 1
--- !u!4 &3077608729560883370
Transform:
  m_ObjectHideFlags: 0
  m_CorrespondingSourceObject: {fileID: 0}
  m_PrefabInstance: {fileID: 0}
  m_PrefabAsset: {fileID: 0}
  m_GameObject: {fileID: 3079563410797792624}
  m_LocalRotation: {x: 0.20583394, y: 0.0075915214, z: 0.036066417, w: 0.97789264}
  m_LocalPosition: {x: 0.042899612, y: -0.094950385, z: 0.0031276178}
  m_LocalScale: {x: 1, y: 1, z: 1}
  m_Children:
  - {fileID: 3074294906144452050}
  m_Father: {fileID: 3077628826914210776}
  m_RootOrder: 3
  m_LocalEulerAnglesHint: {x: 0, y: 0, z: 0}
--- !u!1 &3079576323423067850
GameObject:
  m_ObjectHideFlags: 0
  m_CorrespondingSourceObject: {fileID: 0}
  m_PrefabInstance: {fileID: 0}
  m_PrefabAsset: {fileID: 0}
  serializedVersion: 6
  m_Component:
  - component: {fileID: 3074485123846433532}
  m_Layer: 0
  m_Name: PT_Medieval_LeftCape2
  m_TagString: Untagged
  m_Icon: {fileID: 0}
  m_NavMeshLayer: 0
  m_StaticEditorFlags: 0
  m_IsActive: 1
--- !u!4 &3074485123846433532
Transform:
  m_ObjectHideFlags: 0
  m_CorrespondingSourceObject: {fileID: 0}
  m_PrefabInstance: {fileID: 0}
  m_PrefabAsset: {fileID: 0}
  m_GameObject: {fileID: 3079576323423067850}
  m_LocalRotation: {x: 0, y: -0, z: -0, w: 1}
  m_LocalPosition: {x: 0.00825, y: 0.36404753, z: 0.04708202}
  m_LocalScale: {x: 1, y: 1, z: 1}
  m_Children:
  - {fileID: 3074529407043477784}
  m_Father: {fileID: 3077548316499052274}
  m_RootOrder: 0
  m_LocalEulerAnglesHint: {x: 0, y: 0, z: 0}
--- !u!1 &3079595543673258404
GameObject:
  m_ObjectHideFlags: 0
  m_CorrespondingSourceObject: {fileID: 0}
  m_PrefabInstance: {fileID: 0}
  m_PrefabAsset: {fileID: 0}
  serializedVersion: 6
  m_Component:
  - component: {fileID: 3077533055376428236}
  m_Layer: 0
  m_Name: PT_Medieval_RightLeg
  m_TagString: Untagged
  m_Icon: {fileID: 0}
  m_NavMeshLayer: 0
  m_StaticEditorFlags: 0
  m_IsActive: 1
--- !u!4 &3077533055376428236
Transform:
  m_ObjectHideFlags: 0
  m_CorrespondingSourceObject: {fileID: 0}
  m_PrefabInstance: {fileID: 0}
  m_PrefabAsset: {fileID: 0}
  m_GameObject: {fileID: 3079595543673258404}
  m_LocalRotation: {x: -0.019684935, y: 0.0006116889, z: -0.031052947, w: 0.9993237}
  m_LocalPosition: {x: -0.0025030195, y: 0.4204197, z: 0.005846788}
  m_LocalScale: {x: 1, y: 1, z: 1}
  m_Children:
  - {fileID: 3074333777790302238}
  m_Father: {fileID: 3074579214875958994}
  m_RootOrder: 0
  m_LocalEulerAnglesHint: {x: 0, y: 0, z: 0}
--- !u!1 &3079607869677542840
GameObject:
  m_ObjectHideFlags: 0
  m_CorrespondingSourceObject: {fileID: 0}
  m_PrefabInstance: {fileID: 0}
  m_PrefabAsset: {fileID: 0}
  serializedVersion: 6
  m_Component:
  - component: {fileID: 3077239760491468080}
  m_Layer: 0
  m_Name: PT_Medieval_Neck
  m_TagString: Untagged
  m_Icon: {fileID: 0}
  m_NavMeshLayer: 0
  m_StaticEditorFlags: 0
  m_IsActive: 1
--- !u!4 &3077239760491468080
Transform:
  m_ObjectHideFlags: 0
  m_CorrespondingSourceObject: {fileID: 0}
  m_PrefabInstance: {fileID: 0}
  m_PrefabAsset: {fileID: 0}
  m_GameObject: {fileID: 3079607869677542840}
  m_LocalRotation: {x: 0.05455322, y: -0, z: -0, w: 0.9985109}
  m_LocalPosition: {x: -0, y: 0.13004813, z: -0.00507156}
  m_LocalScale: {x: 1, y: 1, z: 1}
  m_Children:
  - {fileID: 3077615746202832778}
  m_Father: {fileID: 3077619663323075198}
  m_RootOrder: 4
  m_LocalEulerAnglesHint: {x: 0, y: 0, z: 0}
--- !u!1 &3079611286381630820
GameObject:
  m_ObjectHideFlags: 0
  m_CorrespondingSourceObject: {fileID: 0}
  m_PrefabInstance: {fileID: 0}
  m_PrefabAsset: {fileID: 0}
  serializedVersion: 6
  m_Component:
  - component: {fileID: 3077636367919841160}
  m_Layer: 0
  m_Name: PT_Medieval_RightHandRing3
  m_TagString: Untagged
  m_Icon: {fileID: 0}
  m_NavMeshLayer: 0
  m_StaticEditorFlags: 0
  m_IsActive: 1
--- !u!4 &3077636367919841160
Transform:
  m_ObjectHideFlags: 0
  m_CorrespondingSourceObject: {fileID: 0}
  m_PrefabInstance: {fileID: 0}
  m_PrefabAsset: {fileID: 0}
  m_GameObject: {fileID: 3079611286381630820}
  m_LocalRotation: {x: 0.041252065, y: -2.7479397e-17, z: -1.545716e-17, w: 0.9991488}
  m_LocalPosition: {x: 0.0034183944, y: -0.036755756, z: -0.003168397}
  m_LocalScale: {x: 1, y: 1, z: 1}
  m_Children: []
  m_Father: {fileID: 3074450663734619766}
  m_RootOrder: 0
  m_LocalEulerAnglesHint: {x: 0, y: 0, z: 0}
--- !u!54 &3078905250904458925
Rigidbody:
  m_ObjectHideFlags: 0
  m_CorrespondingSourceObject: {fileID: 0}
  m_PrefabInstance: {fileID: 0}
  m_PrefabAsset: {fileID: 0}
  m_GameObject: {fileID: 3079971780045606802}
  serializedVersion: 2
  m_Mass: 1
  m_Drag: 0
  m_AngularDrag: 0.05
  m_UseGravity: 1
  m_IsKinematic: 1
  m_Interpolate: 0
  m_Constraints: 0
  m_CollisionDetection: 0
--- !u!65 &3078905250904458914
BoxCollider:
  m_ObjectHideFlags: 0
  m_CorrespondingSourceObject: {fileID: 0}
  m_PrefabInstance: {fileID: 0}
  m_PrefabAsset: {fileID: 0}
  m_GameObject: {fileID: 3079971780045606802}
  m_Material: {fileID: 0}
  m_IsTrigger: 1
  m_Enabled: 1
  serializedVersion: 2
  m_Size: {x: 0.4266871, y: 1.7367157, z: 0.09593997}
  m_Center: {x: 0.0000011920929, y: 0.66143376, z: 0.0000009667128}
--- !u!114 &3078905250904458915
MonoBehaviour:
  m_ObjectHideFlags: 0
  m_CorrespondingSourceObject: {fileID: 0}
  m_PrefabInstance: {fileID: 0}
  m_PrefabAsset: {fileID: 0}
  m_GameObject: {fileID: 3079971780045606802}
  m_Enabled: 1
  m_EditorHideFlags: 0
  m_Script: {fileID: 11500000, guid: a398b9dd7821bf74b906c87fc2f73ea4, type: 3}
  m_Name: 
  m_EditorClassIdentifier: 
  youLost: {fileID: 0}
  menu: {fileID: 0}
  mage: {fileID: 3079383843657270698}
--- !u!1 &3079974184626529380
GameObject:
  m_ObjectHideFlags: 0
  m_CorrespondingSourceObject: {fileID: 0}
  m_PrefabInstance: {fileID: 0}
  m_PrefabAsset: {fileID: 0}
  serializedVersion: 6
  m_Component:
  - component: {fileID: 3074459471573494874}
  m_Layer: 0
  m_Name: PT_Medieval_LeftFoot
  m_TagString: Untagged
  m_Icon: {fileID: 0}
  m_NavMeshLayer: 0
  m_StaticEditorFlags: 0
  m_IsActive: 1
--- !u!4 &3074459471573494874
Transform:
  m_ObjectHideFlags: 0
  m_CorrespondingSourceObject: {fileID: 0}
  m_PrefabInstance: {fileID: 0}
  m_PrefabAsset: {fileID: 0}
  m_GameObject: {fileID: 3079974184626529380}
  m_LocalRotation: {x: 0.48822117, y: 0.0007726033, z: -0.00043221368, w: 0.87271947}
  m_LocalPosition: {x: -0.00006126998, y: 0.40425277, z: -0.01334145}
  m_LocalScale: {x: 1, y: 1, z: 1}
  m_Children:
  - {fileID: 3077085174039835000}
  m_Father: {fileID: 3077417804690747012}
  m_RootOrder: 0
  m_LocalEulerAnglesHint: {x: 0, y: 0, z: 0}
--- !u!1 &3079982186112094338
GameObject:
  m_ObjectHideFlags: 0
  m_CorrespondingSourceObject: {fileID: 0}
  m_PrefabInstance: {fileID: 0}
  m_PrefabAsset: {fileID: 0}
  serializedVersion: 6
  m_Component:
  - component: {fileID: 3077417804690747012}
  m_Layer: 0
  m_Name: PT_Medieval_LeftLeg
  m_TagString: Untagged
  m_Icon: {fileID: 0}
  m_NavMeshLayer: 0
  m_StaticEditorFlags: 0
  m_IsActive: 1
--- !u!4 &3077417804690747012
Transform:
  m_ObjectHideFlags: 0
  m_CorrespondingSourceObject: {fileID: 0}
  m_PrefabInstance: {fileID: 0}
  m_PrefabAsset: {fileID: 0}
  m_GameObject: {fileID: 3079982186112094338}
  m_LocalRotation: {x: -0.021330472, y: -0.00066280883, z: 0.03105127, w: 0.99929}
  m_LocalPosition: {x: 0.0025026714, y: 0.42045552, z: 0.004834262}
  m_LocalScale: {x: 1, y: 1, z: 1}
  m_Children:
  - {fileID: 3074459471573494874}
  m_Father: {fileID: 3074276549232204714}
  m_RootOrder: 0
  m_LocalEulerAnglesHint: {x: 0, y: 0, z: 0}
--- !u!1 &3080007377198213304
GameObject:
  m_ObjectHideFlags: 0
  m_CorrespondingSourceObject: {fileID: 0}
  m_PrefabInstance: {fileID: 0}
  m_PrefabAsset: {fileID: 0}
  serializedVersion: 6
  m_Component:
  - component: {fileID: 3074606016659628114}
  m_Layer: 0
  m_Name: PT_Medieval_RightHandThumb2
  m_TagString: Untagged
  m_Icon: {fileID: 0}
  m_NavMeshLayer: 0
  m_StaticEditorFlags: 0
  m_IsActive: 1
--- !u!4 &3074606016659628114
Transform:
  m_ObjectHideFlags: 0
  m_CorrespondingSourceObject: {fileID: 0}
  m_PrefabInstance: {fileID: 0}
  m_PrefabAsset: {fileID: 0}
  m_GameObject: {fileID: 3080007377198213304}
  m_LocalRotation: {x: 0.03892264, y: -3.889153e-17, z: -9.874803e-17, w: 0.99924225}
  m_LocalPosition: {x: -0.009661474, y: -0.06264963, z: -0.008649425}
  m_LocalScale: {x: 1, y: 1, z: 1}
  m_Children:
  - {fileID: 3077267570530480920}
  m_Father: {fileID: 3074602533657962282}
  m_RootOrder: 0
  m_LocalEulerAnglesHint: {x: 0, y: 0, z: 0}
--- !u!1 &3080007653397702996
GameObject:
  m_ObjectHideFlags: 0
  m_CorrespondingSourceObject: {fileID: 0}
  m_PrefabInstance: {fileID: 0}
  m_PrefabAsset: {fileID: 0}
  serializedVersion: 6
  m_Component:
  - component: {fileID: 3074602533657962282}
  m_Layer: 0
  m_Name: PT_Medieval_RightHandThumb1
  m_TagString: Untagged
  m_Icon: {fileID: 0}
  m_NavMeshLayer: 0
  m_StaticEditorFlags: 0
  m_IsActive: 1
--- !u!4 &3074602533657962282
Transform:
  m_ObjectHideFlags: 0
  m_CorrespondingSourceObject: {fileID: 0}
  m_PrefabInstance: {fileID: 0}
  m_PrefabAsset: {fileID: 0}
  m_GameObject: {fileID: 3080007653397702996}
  m_LocalRotation: {x: 0.1668042, y: -0.049394056, z: -0.27960354, w: 0.94422376}
  m_LocalPosition: {x: -0.03964193, y: -0.032029193, z: -0.01762394}
  m_LocalScale: {x: 1, y: 1, z: 1}
  m_Children:
  - {fileID: 3074606016659628114}
  m_Father: {fileID: 3077628826914210776}
  m_RootOrder: 5
  m_LocalEulerAnglesHint: {x: 0, y: 0, z: 0}
--- !u!1 &3080022708072890686
GameObject:
  m_ObjectHideFlags: 0
  m_CorrespondingSourceObject: {fileID: 0}
  m_PrefabInstance: {fileID: 0}
  m_PrefabAsset: {fileID: 0}
  serializedVersion: 6
  m_Component:
  - component: {fileID: 3074548577207912010}
  m_Layer: 0
  m_Name: PT_Medieval_LeftCape4
  m_TagString: Untagged
  m_Icon: {fileID: 0}
  m_NavMeshLayer: 0
  m_StaticEditorFlags: 0
  m_IsActive: 1
--- !u!4 &3074548577207912010
Transform:
  m_ObjectHideFlags: 0
  m_CorrespondingSourceObject: {fileID: 0}
  m_PrefabInstance: {fileID: 0}
  m_PrefabAsset: {fileID: 0}
  m_GameObject: {fileID: 3080022708072890686}
  m_LocalRotation: {x: 0, y: -0, z: -0, w: 1}
  m_LocalPosition: {x: 0.0011659999, y: 0.32133347, z: 0.037259113}
  m_LocalScale: {x: 1, y: 1, z: 1}
  m_Children: []
  m_Father: {fileID: 3074529407043477784}
  m_RootOrder: 0
  m_LocalEulerAnglesHint: {x: 0, y: 0, z: 0}
--- !u!1 &3080026595328554576
GameObject:
  m_ObjectHideFlags: 0
  m_CorrespondingSourceObject: {fileID: 0}
  m_PrefabInstance: {fileID: 0}
  m_PrefabAsset: {fileID: 0}
  serializedVersion: 6
  m_Component:
  - component: {fileID: 3074780696152564712}
  m_Layer: 0
  m_Name: PT_Medieval_LeftHandThumb1
  m_TagString: Untagged
  m_Icon: {fileID: 0}
  m_NavMeshLayer: 0
  m_StaticEditorFlags: 0
  m_IsActive: 1
--- !u!4 &3074780696152564712
Transform:
  m_ObjectHideFlags: 0
  m_CorrespondingSourceObject: {fileID: 0}
  m_PrefabInstance: {fileID: 0}
  m_PrefabAsset: {fileID: 0}
  m_GameObject: {fileID: 3080026595328554576}
  m_LocalRotation: {x: 0.1668042, y: -0.049394056, z: -0.27960354, w: 0.94422376}
  m_LocalPosition: {x: 0.03964193, y: 0.032029193, z: 0.01762394}
  m_LocalScale: {x: 1, y: 1, z: 1}
  m_Children:
  - {fileID: 3074775025394450552}
  m_Father: {fileID: 3077256069796949770}
  m_RootOrder: 4
  m_LocalEulerAnglesHint: {x: 0, y: 0, z: 0}
--- !u!1 &3080028360937153472
GameObject:
  m_ObjectHideFlags: 0
  m_CorrespondingSourceObject: {fileID: 0}
  m_PrefabInstance: {fileID: 0}
  m_PrefabAsset: {fileID: 0}
  serializedVersion: 6
  m_Component:
  - component: {fileID: 3074588435471791520}
  m_Layer: 0
  m_Name: PT_Medieval_RightCape
  m_TagString: Untagged
  m_Icon: {fileID: 0}
  m_NavMeshLayer: 0
  m_StaticEditorFlags: 0
  m_IsActive: 1
--- !u!4 &3074588435471791520
Transform:
  m_ObjectHideFlags: 0
  m_CorrespondingSourceObject: {fileID: 0}
  m_PrefabInstance: {fileID: 0}
  m_PrefabAsset: {fileID: 0}
  m_GameObject: {fileID: 3080028360937153472}
  m_LocalRotation: {x: 0, y: -0, z: -0, w: 1}
  m_LocalPosition: {x: 0.11145995, y: 0.08649874, z: -0.14882901}
  m_LocalScale: {x: 1, y: 1, z: 1}
  m_Children:
  - {fileID: 3077282406731567568}
  m_Father: {fileID: 3077619663323075198}
  m_RootOrder: 6
  m_LocalEulerAnglesHint: {x: 0, y: 0, z: 0}
--- !u!1 &3080039987291831412
GameObject:
  m_ObjectHideFlags: 0
  m_CorrespondingSourceObject: {fileID: 0}
  m_PrefabInstance: {fileID: 0}
  m_PrefabAsset: {fileID: 0}
  serializedVersion: 6
  m_Component:
  - component: {fileID: 3074398478763493742}
  m_Layer: 0
  m_Name: PT_Medieval_Second_Weapon_slot
  m_TagString: Untagged
  m_Icon: {fileID: 0}
  m_NavMeshLayer: 0
  m_StaticEditorFlags: 0
  m_IsActive: 1
--- !u!4 &3074398478763493742
Transform:
  m_ObjectHideFlags: 0
  m_CorrespondingSourceObject: {fileID: 0}
  m_PrefabInstance: {fileID: 0}
  m_PrefabAsset: {fileID: 0}
  m_GameObject: {fileID: 3080039987291831412}
  m_LocalRotation: {x: 0.896631, y: 0.15798475, z: 0.41029167, w: 0.052482314}
  m_LocalPosition: {x: -0.061379284, y: -0.023051186, z: 0.095135055}
  m_LocalScale: {x: 1, y: 1, z: 1}
  m_Children: []
  m_Father: {fileID: 3074579214875958994}
  m_RootOrder: 1
  m_LocalEulerAnglesHint: {x: 0, y: 0, z: 0}
--- !u!1 &3080043904148079150
GameObject:
  m_ObjectHideFlags: 0
  m_CorrespondingSourceObject: {fileID: 0}
  m_PrefabInstance: {fileID: 0}
  m_PrefabAsset: {fileID: 0}
  serializedVersion: 6
  m_Component:
  - component: {fileID: 3074497782522675288}
  m_Layer: 0
  m_Name: PT_Medieval_Large_Shield_slot
  m_TagString: Untagged
  m_Icon: {fileID: 0}
  m_NavMeshLayer: 0
  m_StaticEditorFlags: 0
  m_IsActive: 1
--- !u!4 &3074497782522675288
Transform:
  m_ObjectHideFlags: 0
  m_CorrespondingSourceObject: {fileID: 0}
  m_PrefabInstance: {fileID: 0}
  m_PrefabAsset: {fileID: 0}
  m_GameObject: {fileID: 3080043904148079150}
  m_LocalRotation: {x: 0.65759265, y: 0.6769272, z: 0.29793763, w: -0.1434388}
  m_LocalPosition: {x: -0.0013079803, y: 0.3861415, z: 0.006723735}
  m_LocalScale: {x: 1, y: 1, z: 1}
  m_Children: []
  m_Father: {fileID: 3074517557461315064}
  m_RootOrder: 0
  m_LocalEulerAnglesHint: {x: 0, y: 0, z: 0}
--- !u!1 &3080054695998579832
GameObject:
  m_ObjectHideFlags: 0
  m_CorrespondingSourceObject: {fileID: 0}
  m_PrefabInstance: {fileID: 0}
  m_PrefabAsset: {fileID: 0}
  serializedVersion: 6
  m_Component:
  - component: {fileID: 3077600959021297380}
  m_Layer: 0
  m_Name: PT_Medieval_Quiver_slot
  m_TagString: Untagged
  m_Icon: {fileID: 0}
  m_NavMeshLayer: 0
  m_StaticEditorFlags: 0
  m_IsActive: 1
--- !u!4 &3077600959021297380
Transform:
  m_ObjectHideFlags: 0
  m_CorrespondingSourceObject: {fileID: 0}
  m_PrefabInstance: {fileID: 0}
  m_PrefabAsset: {fileID: 0}
  m_GameObject: {fileID: 3080054695998579832}
  m_LocalRotation: {x: 0.003948614, y: 0.00032025026, z: -0.2761965, w: 0.961093}
  m_LocalPosition: {x: 0.06985389, y: -0.007842677, z: -0.17465213}
  m_LocalScale: {x: 1, y: 1, z: 1}
  m_Children: []
  m_Father: {fileID: 3077619663323075198}
  m_RootOrder: 5
  m_LocalEulerAnglesHint: {x: 0, y: 0, z: 0}
--- !u!1 &3080073670112018040
GameObject:
  m_ObjectHideFlags: 0
  m_CorrespondingSourceObject: {fileID: 0}
  m_PrefabInstance: {fileID: 0}
  m_PrefabAsset: {fileID: 0}
  serializedVersion: 6
  m_Component:
  - component: {fileID: 3077267570530480920}
  m_Layer: 0
  m_Name: PT_Medieval_RightHandThumb3
  m_TagString: Untagged
  m_Icon: {fileID: 0}
  m_NavMeshLayer: 0
  m_StaticEditorFlags: 0
  m_IsActive: 1
--- !u!4 &3077267570530480920
Transform:
  m_ObjectHideFlags: 0
  m_CorrespondingSourceObject: {fileID: 0}
  m_PrefabInstance: {fileID: 0}
  m_PrefabAsset: {fileID: 0}
  m_GameObject: {fileID: 3080073670112018040}
  m_LocalRotation: {x: -0.07131409, y: 9.5009456e-17, z: 1.7368916e-16, w: 0.9974539}
  m_LocalPosition: {x: 0.011318104, y: -0.038020674, z: 0.0001404983}
  m_LocalScale: {x: 1, y: 1, z: 1}
  m_Children: []
  m_Father: {fileID: 3074606016659628114}
  m_RootOrder: 0
  m_LocalEulerAnglesHint: {x: 0, y: 0, z: 0}
--- !u!1 &3080075917446379132
GameObject:
  m_ObjectHideFlags: 0
  m_CorrespondingSourceObject: {fileID: 0}
  m_PrefabInstance: {fileID: 0}
  m_PrefabAsset: {fileID: 0}
  serializedVersion: 6
  m_Component:
  - component: {fileID: 3074289249110220792}
  m_Layer: 0
  m_Name: PT_Medieval_LeftHandThumb3
  m_TagString: Untagged
  m_Icon: {fileID: 0}
  m_NavMeshLayer: 0
  m_StaticEditorFlags: 0
  m_IsActive: 1
--- !u!4 &3074289249110220792
Transform:
  m_ObjectHideFlags: 0
  m_CorrespondingSourceObject: {fileID: 0}
  m_PrefabInstance: {fileID: 0}
  m_PrefabAsset: {fileID: 0}
  m_GameObject: {fileID: 3080075917446379132}
  m_LocalRotation: {x: -0.07131409, y: -1.1876182e-17, z: -5.2453137e-17, w: 0.9974539}
  m_LocalPosition: {x: -0.011318104, y: 0.038020674, z: -0.0001404983}
  m_LocalScale: {x: 1, y: 1, z: 1}
  m_Children: []
  m_Father: {fileID: 3074775025394450552}
  m_RootOrder: 0
  m_LocalEulerAnglesHint: {x: 0, y: 0, z: 0}
--- !u!1 &3080088094386114878
GameObject:
  m_ObjectHideFlags: 0
  m_CorrespondingSourceObject: {fileID: 0}
  m_PrefabInstance: {fileID: 0}
  m_PrefabAsset: {fileID: 0}
  serializedVersion: 6
  m_Component:
  - component: {fileID: 3074328652035577208}
  m_Layer: 0
  m_Name: PT_Medieval_LeftHandPinky2
  m_TagString: Untagged
  m_Icon: {fileID: 0}
  m_NavMeshLayer: 0
  m_StaticEditorFlags: 0
  m_IsActive: 1
--- !u!4 &3074328652035577208
Transform:
  m_ObjectHideFlags: 0
  m_CorrespondingSourceObject: {fileID: 0}
  m_PrefabInstance: {fileID: 0}
  m_PrefabAsset: {fileID: 0}
  m_GameObject: {fileID: 3080088094386114878}
  m_LocalRotation: {x: -0.08476753, y: 9.999279e-18, z: -4.705543e-18, w: 0.9964008}
  m_LocalPosition: {x: 0.00074990414, y: 0.028182644, z: -0.010203751}
  m_LocalScale: {x: 1, y: 1, z: 1}
  m_Children:
  - {fileID: 3074654490707441090}
  m_Father: {fileID: 3077300714928969140}
  m_RootOrder: 0
  m_LocalEulerAnglesHint: {x: 0, y: 0, z: 0}
--- !u!1 &3080096376492778244
GameObject:
  m_ObjectHideFlags: 0
  m_CorrespondingSourceObject: {fileID: 0}
  m_PrefabInstance: {fileID: 0}
  m_PrefabAsset: {fileID: 0}
  serializedVersion: 6
  m_Component:
  - component: {fileID: 3074294906144452050}
  m_Layer: 0
  m_Name: PT_Medieval_RightHandPinky2
  m_TagString: Untagged
  m_Icon: {fileID: 0}
  m_NavMeshLayer: 0
  m_StaticEditorFlags: 0
  m_IsActive: 1
--- !u!4 &3074294906144452050
Transform:
  m_ObjectHideFlags: 0
  m_CorrespondingSourceObject: {fileID: 0}
  m_PrefabInstance: {fileID: 0}
  m_PrefabAsset: {fileID: 0}
  m_GameObject: {fileID: 3080096376492778244}
  m_LocalRotation: {x: -0.08476753, y: -1.6469401e-17, z: -5.411375e-17, w: 0.9964008}
  m_LocalPosition: {x: -0.00074990414, y: -0.028182644, z: 0.010203751}
  m_LocalScale: {x: 1, y: 1, z: 1}
  m_Children:
  - {fileID: 3074444766874402642}
  m_Father: {fileID: 3077608729560883370}
  m_RootOrder: 0
  m_LocalEulerAnglesHint: {x: 0, y: 0, z: 0}
--- !u!1 &3080130008602751462
GameObject:
  m_ObjectHideFlags: 0
  m_CorrespondingSourceObject: {fileID: 0}
  m_PrefabInstance: {fileID: 0}
  m_PrefabAsset: {fileID: 0}
  serializedVersion: 6
  m_Component:
  - component: {fileID: 3074517557461315064}
  m_Layer: 0
  m_Name: PT_Medieval_LeftForeArm
  m_TagString: Untagged
  m_Icon: {fileID: 0}
  m_NavMeshLayer: 0
  m_StaticEditorFlags: 0
  m_IsActive: 1
--- !u!4 &3074517557461315064
Transform:
  m_ObjectHideFlags: 0
  m_CorrespondingSourceObject: {fileID: 0}
  m_PrefabInstance: {fileID: 0}
  m_PrefabAsset: {fileID: 0}
  m_GameObject: {fileID: 3080130008602751462}
  m_LocalRotation: {x: -0.1194774, y: 0.004352882, z: -0.036147382, w: 0.99216914}
  m_LocalPosition: {x: -0.0016889535, y: 0.2694025, z: -0.037289083}
  m_LocalScale: {x: 1, y: 1, z: 1}
  m_Children:
  - {fileID: 3074497782522675288}
  - {fileID: 3077441776979651298}
  - {fileID: 3077256069796949770}
  - {fileID: 3074796991959224806}
  - {fileID: 3074326663809785130}
  m_Father: {fileID: 3074494010520331410}
  m_RootOrder: 0
  m_LocalEulerAnglesHint: {x: 0, y: 0, z: 0}
--- !u!1 &3080223372066950322
GameObject:
  m_ObjectHideFlags: 0
  m_CorrespondingSourceObject: {fileID: 0}
  m_PrefabInstance: {fileID: 0}
  m_PrefabAsset: {fileID: 0}
  serializedVersion: 6
  m_Component:
  - component: {fileID: 3077091283767229888}
  m_Layer: 0
  m_Name: PT_Medieval_LeftHandRing2
  m_TagString: Untagged
  m_Icon: {fileID: 0}
  m_NavMeshLayer: 0
  m_StaticEditorFlags: 0
  m_IsActive: 1
--- !u!4 &3077091283767229888
Transform:
  m_ObjectHideFlags: 0
  m_CorrespondingSourceObject: {fileID: 0}
  m_PrefabInstance: {fileID: 0}
  m_PrefabAsset: {fileID: 0}
  m_GameObject: {fileID: 3080223372066950322}
  m_LocalRotation: {x: 0.047358066, y: -3.943351e-18, z: 1.4458953e-17, w: 0.998878}
  m_LocalPosition: {x: -0.0044584293, y: 0.040057946, z: -0.0016473437}
  m_LocalScale: {x: 1, y: 1, z: 1}
  m_Children:
  - {fileID: 3074320460895095756}
  m_Father: {fileID: 3074370521171782132}
  m_RootOrder: 0
  m_LocalEulerAnglesHint: {x: 0, y: 0, z: 0}
--- !u!1 &3080226244066599284
GameObject:
  m_ObjectHideFlags: 0
  m_CorrespondingSourceObject: {fileID: 0}
  m_PrefabInstance: {fileID: 0}
  m_PrefabAsset: {fileID: 0}
  serializedVersion: 6
  m_Component:
  - component: {fileID: 3074447809341718086}
  m_Layer: 0
  m_Name: PT_Medieval_Spine
  m_TagString: Untagged
  m_Icon: {fileID: 0}
  m_NavMeshLayer: 0
  m_StaticEditorFlags: 0
  m_IsActive: 1
--- !u!4 &3074447809341718086
Transform:
  m_ObjectHideFlags: 0
  m_CorrespondingSourceObject: {fileID: 0}
  m_PrefabInstance: {fileID: 0}
  m_PrefabAsset: {fileID: 0}
  m_GameObject: {fileID: 3080226244066599284}
  m_LocalRotation: {x: -0.054553226, y: 0, z: -0, w: 0.9985109}
  m_LocalPosition: {x: -0, y: 0.083521955, z: -0.0072031203}
  m_LocalScale: {x: 1, y: 1, z: 1}
  m_Children:
  - {fileID: 3074613225320406158}
  m_Father: {fileID: 3077471804674740892}
  m_RootOrder: 2
  m_LocalEulerAnglesHint: {x: 0, y: 0, z: 0}
--- !u!1 &3080235108888103252
GameObject:
  m_ObjectHideFlags: 0
  m_CorrespondingSourceObject: {fileID: 0}
  m_PrefabInstance: {fileID: 0}
  m_PrefabAsset: {fileID: 0}
  serializedVersion: 6
  m_Component:
  - component: {fileID: 3077615746202832778}
  m_Layer: 0
  m_Name: PT_Medieval_Head
  m_TagString: Untagged
  m_Icon: {fileID: 0}
  m_NavMeshLayer: 0
  m_StaticEditorFlags: 0
  m_IsActive: 1
--- !u!4 &3077615746202832778
Transform:
  m_ObjectHideFlags: 0
  m_CorrespondingSourceObject: {fileID: 0}
  m_PrefabInstance: {fileID: 0}
  m_PrefabAsset: {fileID: 0}
  m_GameObject: {fileID: 3080235108888103252}
  m_LocalRotation: {x: 0, y: -0, z: -0, w: 1}
  m_LocalPosition: {x: -0, y: 0.09119416, z: 0.024500813}
  m_LocalScale: {x: 1, y: 1, z: 1}
  m_Children:
  - {fileID: 3077134674687244072}
  m_Father: {fileID: 3077239760491468080}
  m_RootOrder: 0
  m_LocalEulerAnglesHint: {x: 0, y: 0, z: 0}
--- !u!1 &3080236304000330576
GameObject:
  m_ObjectHideFlags: 0
  m_CorrespondingSourceObject: {fileID: 0}
  m_PrefabInstance: {fileID: 0}
  m_PrefabAsset: {fileID: 0}
  serializedVersion: 6
  m_Component:
  - component: {fileID: 3074410206428455532}
  m_Layer: 0
  m_Name: PT_Medieval_RightHandMiddle1
  m_TagString: Untagged
  m_Icon: {fileID: 0}
  m_NavMeshLayer: 0
  m_StaticEditorFlags: 0
  m_IsActive: 1
--- !u!4 &3074410206428455532
Transform:
  m_ObjectHideFlags: 0
  m_CorrespondingSourceObject: {fileID: 0}
  m_PrefabInstance: {fileID: 0}
  m_PrefabAsset: {fileID: 0}
  m_GameObject: {fileID: 3080236304000330576}
  m_LocalRotation: {x: 0.07121196, y: -0.0049869064, z: -0.069679745, w: 0.9950119}
  m_LocalPosition: {x: -0.006663853, y: -0.10554572, z: 0.0064793355}
  m_LocalScale: {x: 1, y: 1, z: 1}
  m_Children:
  - {fileID: 3077402638959114786}
  m_Father: {fileID: 3077628826914210776}
  m_RootOrder: 2
  m_LocalEulerAnglesHint: {x: 0, y: 0, z: 0}
--- !u!1 &3080242789203663832
GameObject:
  m_ObjectHideFlags: 0
  m_CorrespondingSourceObject: {fileID: 0}
  m_PrefabInstance: {fileID: 0}
  m_PrefabAsset: {fileID: 0}
  serializedVersion: 6
  m_Component:
  - component: {fileID: 3077441776979651298}
  m_Layer: 0
  m_Name: PT_Medieval_Left_Hand_Weapon_slot
  m_TagString: Untagged
  m_Icon: {fileID: 0}
  m_NavMeshLayer: 0
  m_StaticEditorFlags: 0
  m_IsActive: 1
--- !u!4 &3077441776979651298
Transform:
  m_ObjectHideFlags: 0
  m_CorrespondingSourceObject: {fileID: 0}
  m_PrefabInstance: {fileID: 0}
  m_PrefabAsset: {fileID: 0}
  m_GameObject: {fileID: 3080242789203663832}
  m_LocalRotation: {x: -0.17130929, y: 0.18552163, z: 0.7135279, w: 0.65353864}
  m_LocalPosition: {x: 0.018119566, y: 0.36452866, z: 0.023123274}
  m_LocalScale: {x: 1, y: 1, z: 1}
  m_Children: []
  m_Father: {fileID: 3074517557461315064}
  m_RootOrder: 1
  m_LocalEulerAnglesHint: {x: 0, y: 0, z: 0}
--- !u!1 &3080245699163859278
GameObject:
  m_ObjectHideFlags: 0
  m_CorrespondingSourceObject: {fileID: 0}
  m_PrefabInstance: {fileID: 0}
  m_PrefabAsset: {fileID: 0}
  serializedVersion: 6
  m_Component:
  - component: {fileID: 3074591315468444128}
  m_Layer: 0
  m_Name: PT_Medieval_RightCape3
  m_TagString: Untagged
  m_Icon: {fileID: 0}
  m_NavMeshLayer: 0
  m_StaticEditorFlags: 0
  m_IsActive: 1
--- !u!4 &3074591315468444128
Transform:
  m_ObjectHideFlags: 0
  m_CorrespondingSourceObject: {fileID: 0}
  m_PrefabInstance: {fileID: 0}
  m_PrefabAsset: {fileID: 0}
  m_GameObject: {fileID: 3080245699163859278}
  m_LocalRotation: {x: 0, y: -0, z: -0, w: 1}
  m_LocalPosition: {x: 0.005683145, y: -0.35933653, z: -0.0360173}
  m_LocalScale: {x: 1, y: 1, z: 1}
  m_Children:
  - {fileID: 3077565286914987568}
  m_Father: {fileID: 3077282406731567568}
  m_RootOrder: 0
  m_LocalEulerAnglesHint: {x: 0, y: 0, z: 0}
--- !u!1 &3080249593281737202
GameObject:
  m_ObjectHideFlags: 0
  m_CorrespondingSourceObject: {fileID: 0}
  m_PrefabInstance: {fileID: 0}
  m_PrefabAsset: {fileID: 0}
  serializedVersion: 6
  m_Component:
  - component: {fileID: 3077282406731567568}
  m_Layer: 0
  m_Name: PT_Medieval_RightCape2
  m_TagString: Untagged
  m_Icon: {fileID: 0}
  m_NavMeshLayer: 0
  m_StaticEditorFlags: 0
  m_IsActive: 1
--- !u!4 &3077282406731567568
Transform:
  m_ObjectHideFlags: 0
  m_CorrespondingSourceObject: {fileID: 0}
  m_PrefabInstance: {fileID: 0}
  m_PrefabAsset: {fileID: 0}
  m_GameObject: {fileID: 3080249593281737202}
  m_LocalRotation: {x: 0, y: -0, z: -0, w: 1}
  m_LocalPosition: {x: -0.008249855, y: -0.36404067, z: -0.047081027}
  m_LocalScale: {x: 1, y: 1, z: 1}
  m_Children:
  - {fileID: 3074591315468444128}
  m_Father: {fileID: 3074588435471791520}
  m_RootOrder: 0
  m_LocalEulerAnglesHint: {x: 0, y: 0, z: 0}
--- !u!1 &3080251795974293268
GameObject:
  m_ObjectHideFlags: 0
  m_CorrespondingSourceObject: {fileID: 0}
  m_PrefabInstance: {fileID: 0}
  m_PrefabAsset: {fileID: 0}
  serializedVersion: 6
  m_Component:
  - component: {fileID: 3077531886547252048}
  m_Layer: 0
  m_Name: PT_Medieval_RightHandMiddle3
  m_TagString: Untagged
  m_Icon: {fileID: 0}
  m_NavMeshLayer: 0
  m_StaticEditorFlags: 0
  m_IsActive: 1
--- !u!4 &3077531886547252048
Transform:
  m_ObjectHideFlags: 0
  m_CorrespondingSourceObject: {fileID: 0}
  m_PrefabInstance: {fileID: 0}
  m_PrefabAsset: {fileID: 0}
  m_GameObject: {fileID: 3080251795974293268}
  m_LocalRotation: {x: 0.045742024, y: 5.078385e-18, z: -2.5391925e-17, w: 0.9989533}
  m_LocalPosition: {x: 0.0023735352, y: -0.03550315, z: -0.0069762617}
  m_LocalScale: {x: 1, y: 1, z: 1}
  m_Children: []
  m_Father: {fileID: 3077402638959114786}
  m_RootOrder: 0
  m_LocalEulerAnglesHint: {x: 0, y: 0, z: 0}
--- !u!1 &3080265806980341502
GameObject:
  m_ObjectHideFlags: 0
  m_CorrespondingSourceObject: {fileID: 0}
  m_PrefabInstance: {fileID: 0}
  m_PrefabAsset: {fileID: 0}
  serializedVersion: 6
  m_Component:
  - component: {fileID: 3077565286914987568}
  m_Layer: 0
  m_Name: PT_Medieval_RightCape4
  m_TagString: Untagged
  m_Icon: {fileID: 0}
  m_NavMeshLayer: 0
  m_StaticEditorFlags: 0
  m_IsActive: 1
--- !u!4 &3077565286914987568
Transform:
  m_ObjectHideFlags: 0
  m_CorrespondingSourceObject: {fileID: 0}
  m_PrefabInstance: {fileID: 0}
  m_PrefabAsset: {fileID: 0}
  m_GameObject: {fileID: 3080265806980341502}
  m_LocalRotation: {x: 0, y: -0, z: -0, w: 1}
  m_LocalPosition: {x: -0.0011662522, y: -0.32133368, z: -0.037259296}
  m_LocalScale: {x: 1, y: 1, z: 1}
  m_Children: []
  m_Father: {fileID: 3074591315468444128}
  m_RootOrder: 0
  m_LocalEulerAnglesHint: {x: 0, y: 0, z: 0}
--- !u!1 &3080287474266482914
GameObject:
  m_ObjectHideFlags: 0
  m_CorrespondingSourceObject: {fileID: 0}
  m_PrefabInstance: {fileID: 0}
  m_PrefabAsset: {fileID: 0}
  serializedVersion: 6
  m_Component:
  - component: {fileID: 3077543960681539368}
  m_Layer: 0
  m_Name: PT_Medieval_RightHandRing1
  m_TagString: Untagged
  m_Icon: {fileID: 0}
  m_NavMeshLayer: 0
  m_StaticEditorFlags: 0
  m_IsActive: 1
--- !u!4 &3077543960681539368
Transform:
  m_ObjectHideFlags: 0
  m_CorrespondingSourceObject: {fileID: 0}
  m_PrefabInstance: {fileID: 0}
  m_PrefabAsset: {fileID: 0}
  m_GameObject: {fileID: 3080287474266482914}
  m_LocalRotation: {x: 0.1255726, y: -0.009746214, z: -0.076765224, w: 0.989062}
  m_LocalPosition: {x: 0.020498825, y: -0.101169415, z: 0.009756999}
  m_LocalScale: {x: 1, y: 1, z: 1}
  m_Children:
  - {fileID: 3074450663734619766}
  m_Father: {fileID: 3077628826914210776}
  m_RootOrder: 4
  m_LocalEulerAnglesHint: {x: 0, y: 0, z: 0}
--- !u!1 &3080292530781039852
GameObject:
  m_ObjectHideFlags: 0
  m_CorrespondingSourceObject: {fileID: 0}
  m_PrefabInstance: {fileID: 0}
  m_PrefabAsset: {fileID: 0}
  serializedVersion: 6
  m_Component:
  - component: {fileID: 3077619663323075198}
  m_Layer: 0
  m_Name: PT_Medieval_Spine3
  m_TagString: Untagged
  m_Icon: {fileID: 0}
  m_NavMeshLayer: 0
  m_StaticEditorFlags: 0
  m_IsActive: 1
--- !u!4 &3077619663323075198
Transform:
  m_ObjectHideFlags: 0
  m_CorrespondingSourceObject: {fileID: 0}
  m_PrefabInstance: {fileID: 0}
  m_PrefabAsset: {fileID: 0}
  m_GameObject: {fileID: 3080292530781039852}
  m_LocalRotation: {x: 0, y: -0, z: -0, w: 1}
  m_LocalPosition: {x: -0, y: 0.0919023, z: -0.012949092}
  m_LocalScale: {x: 1, y: 1, z: 1}
  m_Children:
  - {fileID: 3077548316499052274}
  - {fileID: 3077425772935447788}
  - {fileID: 3077401330541475006}
  - {fileID: 3074521812170858914}
  - {fileID: 3077239760491468080}
  - {fileID: 3077600959021297380}
  - {fileID: 3074588435471791520}
  - {fileID: 3074771758600500562}
  m_Father: {fileID: 3074613225320406158}
  m_RootOrder: 0
  m_LocalEulerAnglesHint: {x: 0, y: 0, z: 0}
--- !u!1 &3080293858632383696
GameObject:
  m_ObjectHideFlags: 0
  m_CorrespondingSourceObject: {fileID: 0}
  m_PrefabInstance: {fileID: 0}
  m_PrefabAsset: {fileID: 0}
  serializedVersion: 6
  m_Component:
  - component: {fileID: 3074654490707441090}
  m_Layer: 0
  m_Name: PT_Medieval_LeftHandPinky3
  m_TagString: Untagged
  m_Icon: {fileID: 0}
  m_NavMeshLayer: 0
  m_StaticEditorFlags: 0
  m_IsActive: 1
--- !u!4 &3074654490707441090
Transform:
  m_ObjectHideFlags: 0
  m_CorrespondingSourceObject: {fileID: 0}
  m_PrefabInstance: {fileID: 0}
  m_PrefabAsset: {fileID: 0}
  m_GameObject: {fileID: 3080293858632383696}
  m_LocalRotation: {x: -0.011456637, y: 1.7489206e-18, z: 3.0094632e-36, w: 0.9999344}
  m_LocalPosition: {x: 0.0017718282, y: 0.024944266, z: -0.0021657655}
  m_LocalScale: {x: 1, y: 1, z: 1}
  m_Children: []
  m_Father: {fileID: 3074328652035577208}
  m_RootOrder: 0
  m_LocalEulerAnglesHint: {x: 0, y: 0, z: 0}
--- !u!1 &3080298106949468044
GameObject:
  m_ObjectHideFlags: 0
  m_CorrespondingSourceObject: {fileID: 0}
  m_PrefabInstance: {fileID: 0}
  m_PrefabAsset: {fileID: 0}
  serializedVersion: 6
  m_Component:
  - component: {fileID: 3074370521171782132}
  m_Layer: 0
  m_Name: PT_Medieval_LeftHandRing1
  m_TagString: Untagged
  m_Icon: {fileID: 0}
  m_NavMeshLayer: 0
  m_StaticEditorFlags: 0
  m_IsActive: 1
--- !u!4 &3074370521171782132
Transform:
  m_ObjectHideFlags: 0
  m_CorrespondingSourceObject: {fileID: 0}
  m_PrefabInstance: {fileID: 0}
  m_PrefabAsset: {fileID: 0}
  m_GameObject: {fileID: 3080298106949468044}
  m_LocalRotation: {x: 0.1255726, y: -0.009746214, z: -0.076765224, w: 0.989062}
  m_LocalPosition: {x: -0.020498825, y: 0.101169415, z: -0.009756999}
  m_LocalScale: {x: 1, y: 1, z: 1}
  m_Children:
  - {fileID: 3077091283767229888}
  m_Father: {fileID: 3077256069796949770}
  m_RootOrder: 3
  m_LocalEulerAnglesHint: {x: 0, y: 0, z: 0}
--- !u!1 &3080311638472589994
GameObject:
  m_ObjectHideFlags: 0
  m_CorrespondingSourceObject: {fileID: 0}
  m_PrefabInstance: {fileID: 0}
  m_PrefabAsset: {fileID: 0}
  serializedVersion: 6
  m_Component:
  - component: {fileID: 3077401330541475006}
  m_Layer: 0
  m_Name: PT_Medieval_Long_Bow_slot
  m_TagString: Untagged
  m_Icon: {fileID: 0}
  m_NavMeshLayer: 0
  m_StaticEditorFlags: 0
  m_IsActive: 1
--- !u!4 &3077401330541475006
Transform:
  m_ObjectHideFlags: 0
  m_CorrespondingSourceObject: {fileID: 0}
  m_PrefabInstance: {fileID: 0}
  m_PrefabAsset: {fileID: 0}
  m_GameObject: {fileID: 3080311638472589994}
  m_LocalRotation: {x: 0.2194514, y: 0.8995495, z: 0.10542872, w: -0.36267993}
  m_LocalPosition: {x: -0.09740666, y: -0.03240751, z: -0.15668702}
  m_LocalScale: {x: 1, y: 1, z: 1}
  m_Children: []
  m_Father: {fileID: 3077619663323075198}
  m_RootOrder: 2
  m_LocalEulerAnglesHint: {x: 0, y: 0, z: 0}
--- !u!1 &3080338461314729212
GameObject:
  m_ObjectHideFlags: 0
  m_CorrespondingSourceObject: {fileID: 0}
  m_PrefabInstance: {fileID: 0}
  m_PrefabAsset: {fileID: 0}
  serializedVersion: 6
  m_Component:
  - component: {fileID: 3074372456839380484}
  m_Layer: 0
  m_Name: PT_Medieval_Sheat_slot
  m_TagString: Untagged
  m_Icon: {fileID: 0}
  m_NavMeshLayer: 0
  m_StaticEditorFlags: 0
  m_IsActive: 1
--- !u!4 &3074372456839380484
Transform:
  m_ObjectHideFlags: 0
  m_CorrespondingSourceObject: {fileID: 0}
  m_PrefabInstance: {fileID: 0}
  m_PrefabAsset: {fileID: 0}
  m_GameObject: {fileID: 3080338461314729212}
  m_LocalRotation: {x: 0.5862357, y: 0.18263857, z: 0.76043105, w: 0.21146002}
  m_LocalPosition: {x: 0.10185492, y: 0.08588978, z: -0.00048252856}
  m_LocalScale: {x: 1, y: 1, z: 1}
  m_Children: []
  m_Father: {fileID: 3074276549232204714}
  m_RootOrder: 1
  m_LocalEulerAnglesHint: {x: 0, y: 0, z: 0}
--- !u!1 &3080342638999957310
GameObject:
  m_ObjectHideFlags: 0
  m_CorrespondingSourceObject: {fileID: 0}
  m_PrefabInstance: {fileID: 0}
  m_PrefabAsset: {fileID: 0}
  serializedVersion: 6
  m_Component:
  - component: {fileID: 3074326663809785130}
  m_Layer: 0
  m_Name: PT_Medieval_Small_Shield_slot
  m_TagString: Untagged
  m_Icon: {fileID: 0}
  m_NavMeshLayer: 0
  m_StaticEditorFlags: 0
  m_IsActive: 1
--- !u!4 &3074326663809785130
Transform:
  m_ObjectHideFlags: 0
  m_CorrespondingSourceObject: {fileID: 0}
  m_PrefabInstance: {fileID: 0}
  m_PrefabAsset: {fileID: 0}
  m_GameObject: {fileID: 3080342638999957310}
  m_LocalRotation: {x: 0.71049285, y: 0.6963923, z: 0.07626676, w: -0.06649098}
  m_LocalPosition: {x: -0.008307497, y: 0.34597674, z: 0.002939763}
  m_LocalScale: {x: 1, y: 1, z: 1}
  m_Children: []
  m_Father: {fileID: 3074517557461315064}
  m_RootOrder: 4
  m_LocalEulerAnglesHint: {x: 0, y: 0, z: 0}
--- !u!1 &3080345897690931728
GameObject:
  m_ObjectHideFlags: 0
  m_CorrespondingSourceObject: {fileID: 0}
  m_PrefabInstance: {fileID: 0}
  m_PrefabAsset: {fileID: 0}
  serializedVersion: 6
  m_Component:
  - component: {fileID: 3074771758600500562}
  m_Layer: 0
  m_Name: PT_Medieval_RightShoulder
  m_TagString: Untagged
  m_Icon: {fileID: 0}
  m_NavMeshLayer: 0
  m_StaticEditorFlags: 0
  m_IsActive: 1
--- !u!4 &3074771758600500562
Transform:
  m_ObjectHideFlags: 0
  m_CorrespondingSourceObject: {fileID: 0}
  m_PrefabInstance: {fileID: 0}
  m_PrefabAsset: {fileID: 0}
  m_GameObject: {fileID: 3080345897690931728}
  m_LocalRotation: {x: -0.41975915, y: 0.57201356, z: 0.43446514, w: 0.5548358}
  m_LocalPosition: {x: 0.065679304, y: 0.065528035, z: -0.0067431717}
  m_LocalScale: {x: 1, y: 1, z: 1}
  m_Children:
  - {fileID: 3074563438856354244}
  m_Father: {fileID: 3077619663323075198}
  m_RootOrder: 7
  m_LocalEulerAnglesHint: {x: 0, y: 0, z: 0}
--- !u!1 &3080406157643743064
GameObject:
  m_ObjectHideFlags: 0
  m_CorrespondingSourceObject: {fileID: 0}
  m_PrefabInstance: {fileID: 0}
  m_PrefabAsset: {fileID: 0}
  serializedVersion: 6
  m_Component:
  - component: {fileID: 3074510133243813466}
  m_Layer: 0
  m_Name: PT_Medieval_RightHandIndex2
  m_TagString: Untagged
  m_Icon: {fileID: 0}
  m_NavMeshLayer: 0
  m_StaticEditorFlags: 0
  m_IsActive: 1
--- !u!4 &3074510133243813466
Transform:
  m_ObjectHideFlags: 0
  m_CorrespondingSourceObject: {fileID: 0}
  m_PrefabInstance: {fileID: 0}
  m_PrefabAsset: {fileID: 0}
  m_GameObject: {fileID: 3080406157643743064}
  m_LocalRotation: {x: 0.09512609, y: 1.3201397e-18, z: -2.9043072e-17, w: 0.9954652}
  m_LocalPosition: {x: -0.00096788263, y: -0.042752422, z: 0.0010528902}
  m_LocalScale: {x: 1, y: 1, z: 1}
  m_Children:
  - {fileID: 3077314273177685184}
  m_Father: {fileID: 3077490247019580364}
  m_RootOrder: 0
  m_LocalEulerAnglesHint: {x: 0, y: 0, z: 0}
--- !u!1 &3080414504746260154
GameObject:
  m_ObjectHideFlags: 0
  m_CorrespondingSourceObject: {fileID: 0}
  m_PrefabInstance: {fileID: 0}
  m_PrefabAsset: {fileID: 0}
  serializedVersion: 6
  m_Component:
  - component: {fileID: 3077548316499052274}
  m_Layer: 0
  m_Name: PT_Medieval_LeftCape
  m_TagString: Untagged
  m_Icon: {fileID: 0}
  m_NavMeshLayer: 0
  m_StaticEditorFlags: 0
  m_IsActive: 1
--- !u!4 &3077548316499052274
Transform:
  m_ObjectHideFlags: 0
  m_CorrespondingSourceObject: {fileID: 0}
  m_PrefabInstance: {fileID: 0}
  m_PrefabAsset: {fileID: 0}
  m_GameObject: {fileID: 3080414504746260154}
  m_LocalRotation: {x: 1, y: -0, z: 0, w: -6.123234e-17}
  m_LocalPosition: {x: -0.11146, y: 0.08650225, z: -0.14882876}
  m_LocalScale: {x: 1, y: 1, z: 1}
  m_Children:
  - {fileID: 3074485123846433532}
  m_Father: {fileID: 3077619663323075198}
  m_RootOrder: 0
  m_LocalEulerAnglesHint: {x: 0, y: 0, z: 0}
--- !u!1 &3080420414698063410
GameObject:
  m_ObjectHideFlags: 0
  m_CorrespondingSourceObject: {fileID: 0}
  m_PrefabInstance: {fileID: 0}
  m_PrefabAsset: {fileID: 0}
  serializedVersion: 6
  m_Component:
  - component: {fileID: 3074320460895095756}
  m_Layer: 0
  m_Name: PT_Medieval_LeftHandRing3
  m_TagString: Untagged
  m_Icon: {fileID: 0}
  m_NavMeshLayer: 0
  m_StaticEditorFlags: 0
  m_IsActive: 1
--- !u!4 &3074320460895095756
Transform:
  m_ObjectHideFlags: 0
  m_CorrespondingSourceObject: {fileID: 0}
  m_PrefabInstance: {fileID: 0}
  m_PrefabAsset: {fileID: 0}
  m_GameObject: {fileID: 3080420414698063410}
  m_LocalRotation: {x: 0.041252065, y: -2.2899496e-18, z: 1.2594723e-17, w: 0.9991488}
  m_LocalPosition: {x: -0.0034183944, y: 0.036755756, z: 0.003168397}
  m_LocalScale: {x: 1, y: 1, z: 1}
  m_Children: []
  m_Father: {fileID: 3077091283767229888}
  m_RootOrder: 0
  m_LocalEulerAnglesHint: {x: 0, y: 0, z: 0}
--- !u!1001 &3078905251259783572
PrefabInstance:
  m_ObjectHideFlags: 0
  serializedVersion: 2
  m_Modification:
    m_TransformParent: {fileID: 3078905251245565059}
    m_Modifications:
    - target: {fileID: 1189674227078662, guid: ec413a0fd2a940f4d9475a8299d85f9c, type: 3}
      propertyPath: m_Name
      value: MoonSword (1)
      objectReference: {fileID: 0}
    - target: {fileID: 1189674227078662, guid: ec413a0fd2a940f4d9475a8299d85f9c, type: 3}
      propertyPath: m_IsActive
      value: 1
      objectReference: {fileID: 0}
    - target: {fileID: 4393946019257510, guid: ec413a0fd2a940f4d9475a8299d85f9c, type: 3}
      propertyPath: m_LocalPosition.x
      value: 3.94
      objectReference: {fileID: 0}
    - target: {fileID: 4393946019257510, guid: ec413a0fd2a940f4d9475a8299d85f9c, type: 3}
      propertyPath: m_LocalPosition.y
      value: -0.6000001
      objectReference: {fileID: 0}
    - target: {fileID: 4393946019257510, guid: ec413a0fd2a940f4d9475a8299d85f9c, type: 3}
      propertyPath: m_LocalPosition.z
      value: -0.12
      objectReference: {fileID: 0}
    - target: {fileID: 4393946019257510, guid: ec413a0fd2a940f4d9475a8299d85f9c, type: 3}
      propertyPath: m_LocalRotation.x
      value: -0
      objectReference: {fileID: 0}
    - target: {fileID: 4393946019257510, guid: ec413a0fd2a940f4d9475a8299d85f9c, type: 3}
      propertyPath: m_LocalRotation.y
      value: -0
      objectReference: {fileID: 0}
    - target: {fileID: 4393946019257510, guid: ec413a0fd2a940f4d9475a8299d85f9c, type: 3}
      propertyPath: m_LocalRotation.z
      value: -0
      objectReference: {fileID: 0}
    - target: {fileID: 4393946019257510, guid: ec413a0fd2a940f4d9475a8299d85f9c, type: 3}
      propertyPath: m_LocalRotation.w
      value: 1
      objectReference: {fileID: 0}
    - target: {fileID: 4393946019257510, guid: ec413a0fd2a940f4d9475a8299d85f9c, type: 3}
      propertyPath: m_RootOrder
      value: 0
      objectReference: {fileID: 0}
    - target: {fileID: 4393946019257510, guid: ec413a0fd2a940f4d9475a8299d85f9c, type: 3}
      propertyPath: m_LocalEulerAnglesHint.x
      value: 180
      objectReference: {fileID: 0}
    - target: {fileID: 4393946019257510, guid: ec413a0fd2a940f4d9475a8299d85f9c, type: 3}
      propertyPath: m_LocalEulerAnglesHint.y
      value: 0
      objectReference: {fileID: 0}
    - target: {fileID: 4393946019257510, guid: ec413a0fd2a940f4d9475a8299d85f9c, type: 3}
      propertyPath: m_LocalEulerAnglesHint.z
      value: 0
      objectReference: {fileID: 0}
    - target: {fileID: 4393946019257510, guid: ec413a0fd2a940f4d9475a8299d85f9c, type: 3}
      propertyPath: m_LocalScale.x
      value: 1
      objectReference: {fileID: 0}
    - target: {fileID: 4393946019257510, guid: ec413a0fd2a940f4d9475a8299d85f9c, type: 3}
      propertyPath: m_LocalScale.y
      value: 1
      objectReference: {fileID: 0}
    - target: {fileID: 4393946019257510, guid: ec413a0fd2a940f4d9475a8299d85f9c, type: 3}
      propertyPath: m_LocalScale.z
      value: 1
      objectReference: {fileID: 0}
    - target: {fileID: 23276586274284072, guid: ec413a0fd2a940f4d9475a8299d85f9c,
        type: 3}
      propertyPath: m_Enabled
      value: 1
      objectReference: {fileID: 0}
    - target: {fileID: 198886238429930980, guid: ec413a0fd2a940f4d9475a8299d85f9c,
        type: 3}
      propertyPath: InitialModule.startSize.scalar
      value: 5
      objectReference: {fileID: 0}
    - target: {fileID: 198886238429930980, guid: ec413a0fd2a940f4d9475a8299d85f9c,
        type: 3}
      propertyPath: InitialModule.startLifetime.scalar
      value: 3
      objectReference: {fileID: 0}
    - target: {fileID: 198108176975978386, guid: ec413a0fd2a940f4d9475a8299d85f9c,
        type: 3}
      propertyPath: InitialModule.startSize.scalar
      value: 0.5
      objectReference: {fileID: 0}
    - target: {fileID: 198108176975978386, guid: ec413a0fd2a940f4d9475a8299d85f9c,
        type: 3}
      propertyPath: InitialModule.startSpeed.minScalar
      value: 1
      objectReference: {fileID: 0}
    - target: {fileID: 198108176975978386, guid: ec413a0fd2a940f4d9475a8299d85f9c,
        type: 3}
      propertyPath: InitialModule.startSpeed.scalar
      value: 1
      objectReference: {fileID: 0}
    m_RemovedComponents: []
  m_SourcePrefab: {fileID: 100100000, guid: ec413a0fd2a940f4d9475a8299d85f9c, type: 3}
--- !u!4 &3077616910243677490 stripped
Transform:
  m_CorrespondingSourceObject: {fileID: 4393946019257510, guid: ec413a0fd2a940f4d9475a8299d85f9c,
    type: 3}
  m_PrefabInstance: {fileID: 3078905251259783572}
  m_PrefabAsset: {fileID: 0}
--- !u!1 &3079971780045606802 stripped
GameObject:
  m_CorrespondingSourceObject: {fileID: 1189674227078662, guid: ec413a0fd2a940f4d9475a8299d85f9c,
    type: 3}
  m_PrefabInstance: {fileID: 3078905251259783572}
  m_PrefabAsset: {fileID: 0}
