%YAML 1.1
%TAG !u! tag:unity3d.com,2011:
--- !u!1 &2224785135321244472
GameObject:
  m_ObjectHideFlags: 0
  m_CorrespondingSourceObject: {fileID: 0}
  m_PrefabInstance: {fileID: 0}
  m_PrefabAsset: {fileID: 0}
  serializedVersion: 6
  m_Component:
  - component: {fileID: 2230899733293502996}
  m_Layer: 0
  m_Name: PT_Medieval_RightHandThumb1
  m_TagString: Untagged
  m_Icon: {fileID: 0}
  m_NavMeshLayer: 0
  m_StaticEditorFlags: 0
  m_IsActive: 1
--- !u!4 &2230899733293502996
Transform:
  m_ObjectHideFlags: 0
  m_CorrespondingSourceObject: {fileID: 0}
  m_PrefabInstance: {fileID: 0}
  m_PrefabAsset: {fileID: 0}
  m_GameObject: {fileID: 2224785135321244472}
  m_LocalRotation: {x: 0.1668042, y: -0.049394056, z: -0.27960354, w: 0.94422376}
  m_LocalPosition: {x: -0.03964193, y: -0.032029193, z: -0.01762394}
  m_LocalScale: {x: 1, y: 1, z: 1}
  m_Children:
  - {fileID: 2230523185398137000}
  m_Father: {fileID: 2230551463579038424}
  m_RootOrder: 5
  m_LocalEulerAnglesHint: {x: 0, y: 0, z: 0}
--- !u!1 &2224785884546261778
GameObject:
  m_ObjectHideFlags: 0
  m_CorrespondingSourceObject: {fileID: 0}
  m_PrefabInstance: {fileID: 0}
  m_PrefabAsset: {fileID: 0}
  serializedVersion: 6
  m_Component:
  - component: {fileID: 2230818925944977802}
  m_Layer: 0
  m_Name: PT_Medieval_Large_Shield_slot
  m_TagString: Untagged
  m_Icon: {fileID: 0}
  m_NavMeshLayer: 0
  m_StaticEditorFlags: 0
  m_IsActive: 1
--- !u!4 &2230818925944977802
Transform:
  m_ObjectHideFlags: 0
  m_CorrespondingSourceObject: {fileID: 0}
  m_PrefabInstance: {fileID: 0}
  m_PrefabAsset: {fileID: 0}
  m_GameObject: {fileID: 2224785884546261778}
  m_LocalRotation: {x: 0.65759265, y: 0.6769272, z: 0.29793763, w: -0.1434388}
  m_LocalPosition: {x: -0.0013079803, y: 0.3861415, z: 0.006723735}
  m_LocalScale: {x: 1, y: 1, z: 1}
  m_Children: []
  m_Father: {fileID: 2227827769601676592}
  m_RootOrder: 0
  m_LocalEulerAnglesHint: {x: 0, y: 0, z: 0}
--- !u!1 &2224791637922727814
GameObject:
  m_ObjectHideFlags: 0
  m_CorrespondingSourceObject: {fileID: 0}
  m_PrefabInstance: {fileID: 0}
  m_PrefabAsset: {fileID: 0}
  serializedVersion: 6
  m_Component:
  - component: {fileID: 2230868046577125160}
  m_Layer: 0
  m_Name: PT_Medieval_LeftUpLeg
  m_TagString: Untagged
  m_Icon: {fileID: 0}
  m_NavMeshLayer: 0
  m_StaticEditorFlags: 0
  m_IsActive: 1
--- !u!4 &2230868046577125160
Transform:
  m_ObjectHideFlags: 0
  m_CorrespondingSourceObject: {fileID: 0}
  m_PrefabInstance: {fileID: 0}
  m_PrefabAsset: {fileID: 0}
  m_GameObject: {fileID: 2224791637922727814}
  m_LocalRotation: {x: -0.0002212346, y: 0.00899881, z: 0.99965745, w: 0.024576448}
  m_LocalPosition: {x: -0.073511474, y: -0.09832772, z: -0.011281601}
  m_LocalScale: {x: 1, y: 1, z: 1}
  m_Children:
  - {fileID: 2230760502826639470}
  - {fileID: 2230428945928850378}
  m_Father: {fileID: 2230532663919031904}
  m_RootOrder: 0
  m_LocalEulerAnglesHint: {x: 0, y: 0, z: 0}
--- !u!1 &2224792456110941356
GameObject:
  m_ObjectHideFlags: 0
  m_CorrespondingSourceObject: {fileID: 0}
  m_PrefabInstance: {fileID: 0}
  m_PrefabAsset: {fileID: 0}
  serializedVersion: 6
  m_Component:
  - component: {fileID: 2227875659537519660}
  m_Layer: 0
  m_Name: PT_Medieval_RightHandRing2
  m_TagString: Untagged
  m_Icon: {fileID: 0}
  m_NavMeshLayer: 0
  m_StaticEditorFlags: 0
  m_IsActive: 1
--- !u!4 &2227875659537519660
Transform:
  m_ObjectHideFlags: 0
  m_CorrespondingSourceObject: {fileID: 0}
  m_PrefabInstance: {fileID: 0}
  m_PrefabAsset: {fileID: 0}
  m_GameObject: {fileID: 2224792456110941356}
  m_LocalRotation: {x: 0.047358066, y: -2.7603457e-17, z: -1.8402305e-17, w: 0.998878}
  m_LocalPosition: {x: 0.0044584293, y: -0.040057946, z: 0.0016473437}
  m_LocalScale: {x: 1, y: 1, z: 1}
  m_Children:
  - {fileID: 2230413316096610924}
  m_Father: {fileID: 2227693109787746770}
  m_RootOrder: 0
  m_LocalEulerAnglesHint: {x: 0, y: 0, z: 0}
--- !u!1 &2224799685440118032
GameObject:
  m_ObjectHideFlags: 0
  m_CorrespondingSourceObject: {fileID: 0}
  m_PrefabInstance: {fileID: 0}
  m_PrefabAsset: {fileID: 0}
  serializedVersion: 6
  m_Component:
  - component: {fileID: 2230710123325794816}
  m_Layer: 0
  m_Name: PT_Medieval_RightHandMiddle2
  m_TagString: Untagged
  m_Icon: {fileID: 0}
  m_NavMeshLayer: 0
  m_StaticEditorFlags: 0
  m_IsActive: 1
--- !u!4 &2230710123325794816
Transform:
  m_ObjectHideFlags: 0
  m_CorrespondingSourceObject: {fileID: 0}
  m_PrefabInstance: {fileID: 0}
  m_PrefabAsset: {fileID: 0}
  m_GameObject: {fileID: 2224799685440118032}
  m_LocalRotation: {x: 0.11922089, y: 2.4817834e-17, z: -6.618089e-17, w: 0.99286777}
  m_LocalPosition: {x: 0.0010686981, y: -0.043067947, z: 0.0011194815}
  m_LocalScale: {x: 1, y: 1, z: 1}
  m_Children:
  - {fileID: 2227793528050430934}
  m_Father: {fileID: 2227696289486502864}
  m_RootOrder: 0
  m_LocalEulerAnglesHint: {x: 0, y: 0, z: 0}
--- !u!1 &2224799844675951674
GameObject:
  m_ObjectHideFlags: 0
  m_CorrespondingSourceObject: {fileID: 0}
  m_PrefabInstance: {fileID: 0}
  m_PrefabAsset: {fileID: 0}
  serializedVersion: 6
  m_Component:
  - component: {fileID: 2230751107536559860}
  m_Layer: 0
  m_Name: PT_Medieval_Spine
  m_TagString: Untagged
  m_Icon: {fileID: 0}
  m_NavMeshLayer: 0
  m_StaticEditorFlags: 0
  m_IsActive: 1
--- !u!4 &2230751107536559860
Transform:
  m_ObjectHideFlags: 0
  m_CorrespondingSourceObject: {fileID: 0}
  m_PrefabInstance: {fileID: 0}
  m_PrefabAsset: {fileID: 0}
  m_GameObject: {fileID: 2224799844675951674}
  m_LocalRotation: {x: -0.054553226, y: 0, z: -0, w: 0.9985109}
  m_LocalPosition: {x: -0, y: 0.083521955, z: -0.0072031203}
  m_LocalScale: {x: 1, y: 1, z: 1}
  m_Children:
  - {fileID: 2230779978026287016}
  m_Father: {fileID: 2230532663919031904}
  m_RootOrder: 2
  m_LocalEulerAnglesHint: {x: 0, y: 0, z: 0}
--- !u!1 &2224803826828983726
GameObject:
  m_ObjectHideFlags: 0
  m_CorrespondingSourceObject: {fileID: 0}
  m_PrefabInstance: {fileID: 0}
  m_PrefabAsset: {fileID: 0}
  serializedVersion: 6
  m_Component:
  - component: {fileID: 2227693109787746770}
  m_Layer: 0
  m_Name: PT_Medieval_RightHandRing1
  m_TagString: Untagged
  m_Icon: {fileID: 0}
  m_NavMeshLayer: 0
  m_StaticEditorFlags: 0
  m_IsActive: 1
--- !u!4 &2227693109787746770
Transform:
  m_ObjectHideFlags: 0
  m_CorrespondingSourceObject: {fileID: 0}
  m_PrefabInstance: {fileID: 0}
  m_PrefabAsset: {fileID: 0}
  m_GameObject: {fileID: 2224803826828983726}
  m_LocalRotation: {x: 0.1255726, y: -0.009746214, z: -0.076765224, w: 0.989062}
  m_LocalPosition: {x: 0.020498825, y: -0.101169415, z: 0.009756999}
  m_LocalScale: {x: 1, y: 1, z: 1}
  m_Children:
  - {fileID: 2227875659537519660}
  m_Father: {fileID: 2230551463579038424}
  m_RootOrder: 4
  m_LocalEulerAnglesHint: {x: 0, y: 0, z: 0}
--- !u!1 &2224804453343442088
GameObject:
  m_ObjectHideFlags: 0
  m_CorrespondingSourceObject: {fileID: 0}
  m_PrefabInstance: {fileID: 0}
  m_PrefabAsset: {fileID: 0}
  serializedVersion: 6
  m_Component:
  - component: {fileID: 2228087010484250656}
  m_Layer: 0
  m_Name: PT_Medieval_LeftHandThumb3
  m_TagString: Untagged
  m_Icon: {fileID: 0}
  m_NavMeshLayer: 0
  m_StaticEditorFlags: 0
  m_IsActive: 1
--- !u!4 &2228087010484250656
Transform:
  m_ObjectHideFlags: 0
  m_CorrespondingSourceObject: {fileID: 0}
  m_PrefabInstance: {fileID: 0}
  m_PrefabAsset: {fileID: 0}
  m_GameObject: {fileID: 2224804453343442088}
  m_LocalRotation: {x: -0.07131409, y: -1.1876182e-17, z: -5.2453137e-17, w: 0.9974539}
  m_LocalPosition: {x: -0.011318104, y: 0.038020674, z: -0.0001404983}
  m_LocalScale: {x: 1, y: 1, z: 1}
  m_Children: []
  m_Father: {fileID: 2230724377779506584}
  m_RootOrder: 0
  m_LocalEulerAnglesHint: {x: 0, y: 0, z: 0}
--- !u!1 &2224804610943355886
GameObject:
  m_ObjectHideFlags: 0
  m_CorrespondingSourceObject: {fileID: 0}
  m_PrefabInstance: {fileID: 0}
  m_PrefabAsset: {fileID: 0}
  serializedVersion: 6
  m_Component:
  - component: {fileID: 2228151569735675198}
  m_Layer: 0
  m_Name: PT_Medieval_LeftHand
  m_TagString: Untagged
  m_Icon: {fileID: 0}
  m_NavMeshLayer: 0
  m_StaticEditorFlags: 0
  m_IsActive: 1
--- !u!4 &2228151569735675198
Transform:
  m_ObjectHideFlags: 0
  m_CorrespondingSourceObject: {fileID: 0}
  m_PrefabInstance: {fileID: 0}
  m_PrefabAsset: {fileID: 0}
  m_GameObject: {fileID: 2224804610943355886}
  m_LocalRotation: {x: 0.023698648, y: 0.023616062, z: 0.047987886, w: 0.99828744}
  m_LocalPosition: {x: 0.005954175, y: 0.26189423, z: 0.012948267}
  m_LocalScale: {x: 1, y: 1, z: 1}
  m_Children:
  - {fileID: 2230677822490035972}
  - {fileID: 2228103133505026942}
  - {fileID: 2227900708093521856}
  - {fileID: 2230790507249729628}
  - {fileID: 2230501254330968780}
  m_Father: {fileID: 2227827769601676592}
  m_RootOrder: 2
  m_LocalEulerAnglesHint: {x: 0, y: 0, z: 0}
--- !u!1 &2224806575930412386
GameObject:
  m_ObjectHideFlags: 0
  m_CorrespondingSourceObject: {fileID: 0}
  m_PrefabInstance: {fileID: 0}
  m_PrefabAsset: {fileID: 0}
  serializedVersion: 6
  m_Component:
  - component: {fileID: 2227696289486502864}
  m_Layer: 0
  m_Name: PT_Medieval_RightHandMiddle1
  m_TagString: Untagged
  m_Icon: {fileID: 0}
  m_NavMeshLayer: 0
  m_StaticEditorFlags: 0
  m_IsActive: 1
--- !u!4 &2227696289486502864
Transform:
  m_ObjectHideFlags: 0
  m_CorrespondingSourceObject: {fileID: 0}
  m_PrefabInstance: {fileID: 0}
  m_PrefabAsset: {fileID: 0}
  m_GameObject: {fileID: 2224806575930412386}
  m_LocalRotation: {x: 0.07121196, y: -0.0049869064, z: -0.069679745, w: 0.9950119}
  m_LocalPosition: {x: -0.006663853, y: -0.10554572, z: 0.0064793355}
  m_LocalScale: {x: 1, y: 1, z: 1}
  m_Children:
  - {fileID: 2230710123325794816}
  m_Father: {fileID: 2230551463579038424}
  m_RootOrder: 2
  m_LocalEulerAnglesHint: {x: 0, y: 0, z: 0}
--- !u!54 &2225934095970301017
Rigidbody:
  m_ObjectHideFlags: 0
  m_CorrespondingSourceObject: {fileID: 0}
  m_PrefabInstance: {fileID: 0}
  m_PrefabAsset: {fileID: 0}
  m_GameObject: {fileID: 2224814795453456984}
  serializedVersion: 2
  m_Mass: 1
  m_Drag: 0
  m_AngularDrag: 0.05
  m_UseGravity: 1
  m_IsKinematic: 1
  m_Interpolate: 0
  m_Constraints: 0
  m_CollisionDetection: 0
--- !u!65 &2225934095970301018
BoxCollider:
  m_ObjectHideFlags: 0
  m_CorrespondingSourceObject: {fileID: 0}
  m_PrefabInstance: {fileID: 0}
  m_PrefabAsset: {fileID: 0}
  m_GameObject: {fileID: 2224814795453456984}
  m_Material: {fileID: 0}
  m_IsTrigger: 1
  m_Enabled: 1
  serializedVersion: 2
  m_Size: {x: 0.4266871, y: 1.7367157, z: 0.09593997}
  m_Center: {x: 0.0000011920929, y: 0.66143376, z: 0.0000009667128}
--- !u!114 &2225934095970301019
MonoBehaviour:
  m_ObjectHideFlags: 0
  m_CorrespondingSourceObject: {fileID: 0}
  m_PrefabInstance: {fileID: 0}
  m_PrefabAsset: {fileID: 0}
  m_GameObject: {fileID: 2224814795453456984}
  m_Enabled: 1
  m_EditorHideFlags: 0
  m_Script: {fileID: 11500000, guid: a398b9dd7821bf74b906c87fc2f73ea4, type: 3}
  m_Name: 
  m_EditorClassIdentifier: 
  youLost: {fileID: 0}
  menu: {fileID: 0}
  mage: {fileID: 2225177539652940474}
--- !u!1 &2224822506538918648
GameObject:
  m_ObjectHideFlags: 0
  m_CorrespondingSourceObject: {fileID: 0}
  m_PrefabInstance: {fileID: 0}
  m_PrefabAsset: {fileID: 0}
  serializedVersion: 6
  m_Component:
  - component: {fileID: 2230861072532697940}
  m_Layer: 0
  m_Name: PT_Medieval_RightArm
  m_TagString: Untagged
  m_Icon: {fileID: 0}
  m_NavMeshLayer: 0
  m_StaticEditorFlags: 0
  m_IsActive: 1
--- !u!4 &2230861072532697940
Transform:
  m_ObjectHideFlags: 0
  m_CorrespondingSourceObject: {fileID: 0}
  m_PrefabInstance: {fileID: 0}
  m_PrefabAsset: {fileID: 0}
  m_GameObject: {fileID: 2224822506538918648}
  m_LocalRotation: {x: 0.55276656, y: 0.059665054, z: 0.052428395, w: 0.82954234}
  m_LocalPosition: {x: -0.0030665302, y: -0.117158696, z: 0.027578518}
  m_LocalScale: {x: 1, y: 1, z: 1}
  m_Children:
  - {fileID: 2227919625999928182}
  m_Father: {fileID: 2230646136110472862}
  m_RootOrder: 0
  m_LocalEulerAnglesHint: {x: 65.62, y: 22.348001, z: 21.748001}
--- !u!1 &2224825597454188888
GameObject:
  m_ObjectHideFlags: 0
  m_CorrespondingSourceObject: {fileID: 0}
  m_PrefabInstance: {fileID: 0}
  m_PrefabAsset: {fileID: 0}
  serializedVersion: 6
  m_Component:
  - component: {fileID: 2230516871016135092}
  m_Layer: 0
  m_Name: PT_Medieval_LeftHandMiddle2
  m_TagString: Untagged
  m_Icon: {fileID: 0}
  m_NavMeshLayer: 0
  m_StaticEditorFlags: 0
  m_IsActive: 1
--- !u!4 &2230516871016135092
Transform:
  m_ObjectHideFlags: 0
  m_CorrespondingSourceObject: {fileID: 0}
  m_PrefabInstance: {fileID: 0}
  m_PrefabAsset: {fileID: 0}
  m_GameObject: {fileID: 2224825597454188888}
  m_LocalRotation: {x: 0.11922089, y: -1.8199745e-17, z: 2.97814e-17, w: 0.99286777}
  m_LocalPosition: {x: -0.0010686981, y: 0.043067947, z: -0.0011194815}
  m_LocalScale: {x: 1, y: 1, z: 1}
  m_Children:
  - {fileID: 2230537437295527678}
  m_Father: {fileID: 2228103133505026942}
  m_RootOrder: 0
  m_LocalEulerAnglesHint: {x: 0, y: 0, z: 0}
--- !u!1 &2224837003907496160
GameObject:
  m_ObjectHideFlags: 0
  m_CorrespondingSourceObject: {fileID: 0}
  m_PrefabInstance: {fileID: 0}
  m_PrefabAsset: {fileID: 0}
  serializedVersion: 6
  m_Component:
  - component: {fileID: 2230702132321909090}
  m_Layer: 0
  m_Name: PT_Medieval_LeftCape4
  m_TagString: Untagged
  m_Icon: {fileID: 0}
  m_NavMeshLayer: 0
  m_StaticEditorFlags: 0
  m_IsActive: 1
--- !u!4 &2230702132321909090
Transform:
  m_ObjectHideFlags: 0
  m_CorrespondingSourceObject: {fileID: 0}
  m_PrefabInstance: {fileID: 0}
  m_PrefabAsset: {fileID: 0}
  m_GameObject: {fileID: 2224837003907496160}
  m_LocalRotation: {x: 0, y: -0, z: -0, w: 1}
  m_LocalPosition: {x: 0.0011659999, y: 0.32133347, z: 0.037259113}
  m_LocalScale: {x: 1, y: 1, z: 1}
  m_Children: []
  m_Father: {fileID: 2227757767246564142}
  m_RootOrder: 0
  m_LocalEulerAnglesHint: {x: 0, y: 0, z: 0}
--- !u!1 &2224853806553900372
GameObject:
  m_ObjectHideFlags: 0
  m_CorrespondingSourceObject: {fileID: 0}
  m_PrefabInstance: {fileID: 0}
  m_PrefabAsset: {fileID: 0}
  serializedVersion: 6
  m_Component:
  - component: {fileID: 2230760502826639470}
  m_Layer: 0
  m_Name: PT_Medieval_LeftLeg
  m_TagString: Untagged
  m_Icon: {fileID: 0}
  m_NavMeshLayer: 0
  m_StaticEditorFlags: 0
  m_IsActive: 1
--- !u!4 &2230760502826639470
Transform:
  m_ObjectHideFlags: 0
  m_CorrespondingSourceObject: {fileID: 0}
  m_PrefabInstance: {fileID: 0}
  m_PrefabAsset: {fileID: 0}
  m_GameObject: {fileID: 2224853806553900372}
  m_LocalRotation: {x: -0.021330472, y: -0.00066280883, z: 0.03105127, w: 0.99929}
  m_LocalPosition: {x: 0.0025026714, y: 0.42045552, z: 0.004834262}
  m_LocalScale: {x: 1, y: 1, z: 1}
  m_Children:
  - {fileID: 2227916117216295792}
  m_Father: {fileID: 2230868046577125160}
  m_RootOrder: 0
  m_LocalEulerAnglesHint: {x: 0, y: 0, z: 0}
--- !u!1 &2224862080123068108
GameObject:
  m_ObjectHideFlags: 0
  m_CorrespondingSourceObject: {fileID: 0}
  m_PrefabInstance: {fileID: 0}
  m_PrefabAsset: {fileID: 0}
  serializedVersion: 6
  m_Component:
  - component: {fileID: 2230689895994636408}
  m_Layer: 0
  m_Name: PT_Medieval_Left_Hand_Weapon_slot
  m_TagString: Untagged
  m_Icon: {fileID: 0}
  m_NavMeshLayer: 0
  m_StaticEditorFlags: 0
  m_IsActive: 1
--- !u!4 &2230689895994636408
Transform:
  m_ObjectHideFlags: 0
  m_CorrespondingSourceObject: {fileID: 0}
  m_PrefabInstance: {fileID: 0}
  m_PrefabAsset: {fileID: 0}
  m_GameObject: {fileID: 2224862080123068108}
  m_LocalRotation: {x: -0.17130929, y: 0.18552163, z: 0.7135279, w: 0.65353864}
  m_LocalPosition: {x: 0.018119566, y: 0.36452866, z: 0.023123274}
  m_LocalScale: {x: 1, y: 1, z: 1}
  m_Children: []
  m_Father: {fileID: 2227827769601676592}
  m_RootOrder: 1
  m_LocalEulerAnglesHint: {x: 0, y: 0, z: 0}
--- !u!1 &2224878349454554172
GameObject:
  m_ObjectHideFlags: 0
  m_CorrespondingSourceObject: {fileID: 0}
  m_PrefabInstance: {fileID: 0}
  m_PrefabAsset: {fileID: 0}
  serializedVersion: 6
  m_Component:
  - component: {fileID: 2230760255906841568}
  m_Layer: 0
  m_Name: PT_Medieval_RightCape2
  m_TagString: Untagged
  m_Icon: {fileID: 0}
  m_NavMeshLayer: 0
  m_StaticEditorFlags: 0
  m_IsActive: 1
--- !u!4 &2230760255906841568
Transform:
  m_ObjectHideFlags: 0
  m_CorrespondingSourceObject: {fileID: 0}
  m_PrefabInstance: {fileID: 0}
  m_PrefabAsset: {fileID: 0}
  m_GameObject: {fileID: 2224878349454554172}
  m_LocalRotation: {x: 0, y: -0, z: -0, w: 1}
  m_LocalPosition: {x: -0.008249855, y: -0.36404067, z: -0.047081027}
  m_LocalScale: {x: 1, y: 1, z: 1}
  m_Children:
  - {fileID: 2227721524160514092}
  m_Father: {fileID: 2228081579907306410}
  m_RootOrder: 0
  m_LocalEulerAnglesHint: {x: 0, y: 0, z: 0}
--- !u!1 &2224878688549799240
GameObject:
  m_ObjectHideFlags: 0
  m_CorrespondingSourceObject: {fileID: 0}
  m_PrefabInstance: {fileID: 0}
  m_PrefabAsset: {fileID: 0}
  serializedVersion: 6
  m_Component:
  - component: {fileID: 2230521465969783866}
  m_Layer: 0
  m_Name: PT_Medieval_Neck
  m_TagString: Untagged
  m_Icon: {fileID: 0}
  m_NavMeshLayer: 0
  m_StaticEditorFlags: 0
  m_IsActive: 1
--- !u!4 &2230521465969783866
Transform:
  m_ObjectHideFlags: 0
  m_CorrespondingSourceObject: {fileID: 0}
  m_PrefabInstance: {fileID: 0}
  m_PrefabAsset: {fileID: 0}
  m_GameObject: {fileID: 2224878688549799240}
  m_LocalRotation: {x: 0.05455322, y: -0, z: -0, w: 0.9985109}
  m_LocalPosition: {x: -0, y: 0.13004813, z: -0.00507156}
  m_LocalScale: {x: 1, y: 1, z: 1}
  m_Children:
  - {fileID: 2228046093265593424}
  m_Father: {fileID: 2227682828450472542}
  m_RootOrder: 4
  m_LocalEulerAnglesHint: {x: 0, y: 0, z: 0}
--- !u!1 &2224922080934261680
GameObject:
  m_ObjectHideFlags: 0
  m_CorrespondingSourceObject: {fileID: 0}
  m_PrefabInstance: {fileID: 0}
  m_PrefabAsset: {fileID: 0}
  serializedVersion: 6
  m_Component:
  - component: {fileID: 2230532663919031904}
  m_Layer: 0
  m_Name: PT_Medieval_Hips
  m_TagString: Untagged
  m_Icon: {fileID: 0}
  m_NavMeshLayer: 0
  m_StaticEditorFlags: 0
  m_IsActive: 1
--- !u!4 &2230532663919031904
Transform:
  m_ObjectHideFlags: 0
  m_CorrespondingSourceObject: {fileID: 0}
  m_PrefabInstance: {fileID: 0}
  m_PrefabAsset: {fileID: 0}
  m_GameObject: {fileID: 2224922080934261680}
  m_LocalRotation: {x: 0, y: -0, z: -0, w: 1}
  m_LocalPosition: {x: -0, y: 1.0312524, z: 0.018636022}
  m_LocalScale: {x: 1, y: 1, z: 1}
  m_Children:
  - {fileID: 2230868046577125160}
  - {fileID: 2230833398338818876}
  - {fileID: 2230751107536559860}
  m_Father: {fileID: 2227872898824081792}
  m_RootOrder: 0
  m_LocalEulerAnglesHint: {x: 0, y: 0, z: 0}
--- !u!1 &2224943627729599442
GameObject:
  m_ObjectHideFlags: 0
  m_CorrespondingSourceObject: {fileID: 0}
  m_PrefabInstance: {fileID: 0}
  m_PrefabAsset: {fileID: 0}
  serializedVersion: 6
  m_Component:
  - component: {fileID: 2230523185398137000}
  m_Layer: 0
  m_Name: PT_Medieval_RightHandThumb2
  m_TagString: Untagged
  m_Icon: {fileID: 0}
  m_NavMeshLayer: 0
  m_StaticEditorFlags: 0
  m_IsActive: 1
--- !u!4 &2230523185398137000
Transform:
  m_ObjectHideFlags: 0
  m_CorrespondingSourceObject: {fileID: 0}
  m_PrefabInstance: {fileID: 0}
  m_PrefabAsset: {fileID: 0}
  m_GameObject: {fileID: 2224943627729599442}
  m_LocalRotation: {x: 0.03892264, y: -3.889153e-17, z: -9.874803e-17, w: 0.99924225}
  m_LocalPosition: {x: -0.009661474, y: -0.06264963, z: -0.008649425}
  m_LocalScale: {x: 1, y: 1, z: 1}
  m_Children:
  - {fileID: 2230821074723706410}
  m_Father: {fileID: 2230899733293502996}
  m_RootOrder: 0
  m_LocalEulerAnglesHint: {x: 0, y: 0, z: 0}
--- !u!1 &2224970193167163242
GameObject:
  m_ObjectHideFlags: 0
  m_CorrespondingSourceObject: {fileID: 0}
  m_PrefabInstance: {fileID: 0}
  m_PrefabAsset: {fileID: 0}
  serializedVersion: 6
  m_Component:
  - component: {fileID: 2230898374297806262}
  m_Layer: 0
  m_Name: PT_Medieval_Long_Bow_slot
  m_TagString: Untagged
  m_Icon: {fileID: 0}
  m_NavMeshLayer: 0
  m_StaticEditorFlags: 0
  m_IsActive: 1
--- !u!4 &2230898374297806262
Transform:
  m_ObjectHideFlags: 0
  m_CorrespondingSourceObject: {fileID: 0}
  m_PrefabInstance: {fileID: 0}
  m_PrefabAsset: {fileID: 0}
  m_GameObject: {fileID: 2224970193167163242}
  m_LocalRotation: {x: 0.2194514, y: 0.8995495, z: 0.10542872, w: -0.36267993}
  m_LocalPosition: {x: -0.09740666, y: -0.03240751, z: -0.15668702}
  m_LocalScale: {x: 1, y: 1, z: 1}
  m_Children: []
  m_Father: {fileID: 2227682828450472542}
  m_RootOrder: 2
  m_LocalEulerAnglesHint: {x: 0, y: 0, z: 0}
--- !u!1 &2224972318959793814
GameObject:
  m_ObjectHideFlags: 0
  m_CorrespondingSourceObject: {fileID: 0}
  m_PrefabInstance: {fileID: 0}
  m_PrefabAsset: {fileID: 0}
  serializedVersion: 6
  m_Component:
  - component: {fileID: 2230656260137181076}
  m_Layer: 0
  m_Name: PT_Medieval_LeftShoulder
  m_TagString: Untagged
  m_Icon: {fileID: 0}
  m_NavMeshLayer: 0
  m_StaticEditorFlags: 0
  m_IsActive: 1
--- !u!4 &2230656260137181076
Transform:
  m_ObjectHideFlags: 0
  m_CorrespondingSourceObject: {fileID: 0}
  m_PrefabInstance: {fileID: 0}
  m_PrefabAsset: {fileID: 0}
  m_GameObject: {fileID: 2224972318959793814}
  m_LocalRotation: {x: 0.5548358, y: -0.43446514, z: 0.57201356, w: 0.41975915}
  m_LocalPosition: {x: -0.065679304, y: 0.065528035, z: -0.0067431717}
  m_LocalScale: {x: 1, y: 1, z: 1}
  m_Children:
  - {fileID: 2227719591629483928}
  m_Father: {fileID: 2227682828450472542}
  m_RootOrder: 1
  m_LocalEulerAnglesHint: {x: 0, y: 0, z: 0}
--- !u!1 &2224984250462941208
GameObject:
  m_ObjectHideFlags: 0
  m_CorrespondingSourceObject: {fileID: 0}
  m_PrefabInstance: {fileID: 0}
  m_PrefabAsset: {fileID: 0}
  serializedVersion: 6
  m_Component:
  - component: {fileID: 2227860056846783574}
  m_Layer: 0
  m_Name: PT_Medieval_RightHandIndex2
  m_TagString: Untagged
  m_Icon: {fileID: 0}
  m_NavMeshLayer: 0
  m_StaticEditorFlags: 0
  m_IsActive: 1
--- !u!4 &2227860056846783574
Transform:
  m_ObjectHideFlags: 0
  m_CorrespondingSourceObject: {fileID: 0}
  m_PrefabInstance: {fileID: 0}
  m_PrefabAsset: {fileID: 0}
  m_GameObject: {fileID: 2224984250462941208}
  m_LocalRotation: {x: 0.09512609, y: 1.3201397e-18, z: -2.9043072e-17, w: 0.9954652}
  m_LocalPosition: {x: -0.00096788263, y: -0.042752422, z: 0.0010528902}
  m_LocalScale: {x: 1, y: 1, z: 1}
  m_Children:
  - {fileID: 2228119639028778070}
  m_Father: {fileID: 2227820670159072066}
  m_RootOrder: 0
  m_LocalEulerAnglesHint: {x: 0, y: 0, z: 0}
--- !u!1 &2225014799146772878
GameObject:
  m_ObjectHideFlags: 0
  m_CorrespondingSourceObject: {fileID: 0}
  m_PrefabInstance: {fileID: 0}
  m_PrefabAsset: {fileID: 0}
  serializedVersion: 6
  m_Component:
  - component: {fileID: 2230859445996522304}
  m_Layer: 0
  m_Name: PT_Medieval_HeadTop
  m_TagString: Untagged
  m_Icon: {fileID: 0}
  m_NavMeshLayer: 0
  m_StaticEditorFlags: 0
  m_IsActive: 1
--- !u!4 &2230859445996522304
Transform:
  m_ObjectHideFlags: 0
  m_CorrespondingSourceObject: {fileID: 0}
  m_PrefabInstance: {fileID: 0}
  m_PrefabAsset: {fileID: 0}
  m_GameObject: {fileID: 2225014799146772878}
  m_LocalRotation: {x: 0, y: -0, z: -0, w: 1}
  m_LocalPosition: {x: -0, y: 0.20320207, z: 0.014664958}
  m_LocalScale: {x: 1, y: 1, z: 1}
  m_Children: []
  m_Father: {fileID: 2228046093265593424}
  m_RootOrder: 0
  m_LocalEulerAnglesHint: {x: 0, y: 0, z: 0}
--- !u!1 &2225017528542887150
GameObject:
  m_ObjectHideFlags: 0
  m_CorrespondingSourceObject: {fileID: 0}
  m_PrefabInstance: {fileID: 0}
  m_PrefabAsset: {fileID: 0}
  serializedVersion: 6
  m_Component:
  - component: {fileID: 2227762256820661616}
  m_Layer: 0
  m_Name: PT_Medieval_Medium_Shield_slot
  m_TagString: Untagged
  m_Icon: {fileID: 0}
  m_NavMeshLayer: 0
  m_StaticEditorFlags: 0
  m_IsActive: 1
--- !u!4 &2227762256820661616
Transform:
  m_ObjectHideFlags: 0
  m_CorrespondingSourceObject: {fileID: 0}
  m_PrefabInstance: {fileID: 0}
  m_PrefabAsset: {fileID: 0}
  m_GameObject: {fileID: 2225017528542887150}
  m_LocalRotation: {x: 0.70922714, y: 0.69002116, z: 0.14373107, w: 0.014462543}
  m_LocalPosition: {x: 0.00076269294, y: 0.35668075, z: -0.003686358}
  m_LocalScale: {x: 1, y: 1, z: 1}
  m_Children: []
  m_Father: {fileID: 2227827769601676592}
  m_RootOrder: 3
  m_LocalEulerAnglesHint: {x: 0, y: 0, z: 0}
--- !u!1 &2225018624348574434
GameObject:
  m_ObjectHideFlags: 0
  m_CorrespondingSourceObject: {fileID: 0}
  m_PrefabInstance: {fileID: 0}
  m_PrefabAsset: {fileID: 0}
  serializedVersion: 6
  m_Component:
  - component: {fileID: 2230537437295527678}
  m_Layer: 0
  m_Name: PT_Medieval_LeftHandMiddle3
  m_TagString: Untagged
  m_Icon: {fileID: 0}
  m_NavMeshLayer: 0
  m_StaticEditorFlags: 0
  m_IsActive: 1
--- !u!4 &2230537437295527678
Transform:
  m_ObjectHideFlags: 0
  m_CorrespondingSourceObject: {fileID: 0}
  m_PrefabInstance: {fileID: 0}
  m_PrefabAsset: {fileID: 0}
  m_GameObject: {fileID: 2225018624348574434}
  m_LocalRotation: {x: 0.045742024, y: -2.5391924e-18, z: 1.3965558e-17, w: 0.9989533}
  m_LocalPosition: {x: -0.0023735352, y: 0.03550315, z: 0.0069762617}
  m_LocalScale: {x: 1, y: 1, z: 1}
  m_Children: []
  m_Father: {fileID: 2230516871016135092}
  m_RootOrder: 0
  m_LocalEulerAnglesHint: {x: 0, y: 0, z: 0}
--- !u!1 &2225023148383007554
GameObject:
  m_ObjectHideFlags: 0
  m_CorrespondingSourceObject: {fileID: 0}
  m_PrefabInstance: {fileID: 0}
  m_PrefabAsset: {fileID: 0}
  serializedVersion: 6
  m_Component:
  - component: {fileID: 2230779978026287016}
  m_Layer: 0
  m_Name: PT_Medieval_Spine2
  m_TagString: Untagged
  m_Icon: {fileID: 0}
  m_NavMeshLayer: 0
  m_StaticEditorFlags: 0
  m_IsActive: 1
--- !u!4 &2230779978026287016
Transform:
  m_ObjectHideFlags: 0
  m_CorrespondingSourceObject: {fileID: 0}
  m_PrefabInstance: {fileID: 0}
  m_PrefabAsset: {fileID: 0}
  m_GameObject: {fileID: 2225023148383007554}
  m_LocalRotation: {x: 0, y: -0, z: -0, w: 1}
  m_LocalPosition: {x: -0, y: 0.117735796, z: -0.003096688}
  m_LocalScale: {x: 1, y: 1, z: 1}
  m_Children:
  - {fileID: 2227682828450472542}
  m_Father: {fileID: 2230751107536559860}
  m_RootOrder: 0
  m_LocalEulerAnglesHint: {x: 0, y: 0, z: 0}
--- !u!1 &2225027968244521842
GameObject:
  m_ObjectHideFlags: 0
  m_CorrespondingSourceObject: {fileID: 0}
  m_PrefabInstance: {fileID: 0}
  m_PrefabAsset: {fileID: 0}
  serializedVersion: 6
  m_Component:
  - component: {fileID: 2230821074723706410}
  m_Layer: 0
  m_Name: PT_Medieval_RightHandThumb3
  m_TagString: Untagged
  m_Icon: {fileID: 0}
  m_NavMeshLayer: 0
  m_StaticEditorFlags: 0
  m_IsActive: 1
--- !u!4 &2230821074723706410
Transform:
  m_ObjectHideFlags: 0
  m_CorrespondingSourceObject: {fileID: 0}
  m_PrefabInstance: {fileID: 0}
  m_PrefabAsset: {fileID: 0}
  m_GameObject: {fileID: 2225027968244521842}
  m_LocalRotation: {x: -0.07131409, y: 9.5009456e-17, z: 1.7368916e-16, w: 0.9974539}
  m_LocalPosition: {x: 0.011318104, y: -0.038020674, z: 0.0001404983}
  m_LocalScale: {x: 1, y: 1, z: 1}
  m_Children: []
  m_Father: {fileID: 2230523185398137000}
  m_RootOrder: 0
  m_LocalEulerAnglesHint: {x: 0, y: 0, z: 0}
--- !u!1 &2225045743375164124
GameObject:
  m_ObjectHideFlags: 0
  m_CorrespondingSourceObject: {fileID: 0}
  m_PrefabInstance: {fileID: 0}
  m_PrefabAsset: {fileID: 0}
  serializedVersion: 6
  m_Component:
  - component: {fileID: 2230551463579038424}
  m_Layer: 0
  m_Name: PT_Medieval_RightHand
  m_TagString: Untagged
  m_Icon: {fileID: 0}
  m_NavMeshLayer: 0
  m_StaticEditorFlags: 0
  m_IsActive: 1
--- !u!4 &2230551463579038424
Transform:
  m_ObjectHideFlags: 0
  m_CorrespondingSourceObject: {fileID: 0}
  m_PrefabInstance: {fileID: 0}
  m_PrefabAsset: {fileID: 0}
  m_GameObject: {fileID: 2225045743375164124}
  m_LocalRotation: {x: 0.023698648, y: 0.023616062, z: 0.047987886, w: 0.99828744}
  m_LocalPosition: {x: -0.005954667, y: -0.26189443, z: -0.0129441675}
  m_LocalScale: {x: 1, y: 1, z: 1}
  m_Children:
  - {fileID: 2230504525654997056}
  - {fileID: 2227820670159072066}
  - {fileID: 2227696289486502864}
  - {fileID: 2227697882570468916}
  - {fileID: 2227693109787746770}
  - {fileID: 2230899733293502996}
  m_Father: {fileID: 2227919625999928182}
  m_RootOrder: 0
  m_LocalEulerAnglesHint: {x: 0, y: 0, z: 0}
--- !u!1 &2225073731901071354
GameObject:
  m_ObjectHideFlags: 0
  m_CorrespondingSourceObject: {fileID: 0}
  m_PrefabInstance: {fileID: 0}
  m_PrefabAsset: {fileID: 0}
  serializedVersion: 6
  m_Component:
  - component: {fileID: 2227916117216295792}
  m_Layer: 0
  m_Name: PT_Medieval_LeftFoot
  m_TagString: Untagged
  m_Icon: {fileID: 0}
  m_NavMeshLayer: 0
  m_StaticEditorFlags: 0
  m_IsActive: 1
--- !u!4 &2227916117216295792
Transform:
  m_ObjectHideFlags: 0
  m_CorrespondingSourceObject: {fileID: 0}
  m_PrefabInstance: {fileID: 0}
  m_PrefabAsset: {fileID: 0}
  m_GameObject: {fileID: 2225073731901071354}
  m_LocalRotation: {x: 0.48822117, y: 0.0007726033, z: -0.00043221368, w: 0.87271947}
  m_LocalPosition: {x: -0.00006126998, y: 0.40425277, z: -0.01334145}
  m_LocalScale: {x: 1, y: 1, z: 1}
  m_Children:
  - {fileID: 2228023113573323586}
  m_Father: {fileID: 2230760502826639470}
  m_RootOrder: 0
  m_LocalEulerAnglesHint: {x: 0, y: 0, z: 0}
--- !u!1 &2225083649683271580
GameObject:
  m_ObjectHideFlags: 0
  m_CorrespondingSourceObject: {fileID: 0}
  m_PrefabInstance: {fileID: 0}
  m_PrefabAsset: {fileID: 0}
  serializedVersion: 6
  m_Component:
  - component: {fileID: 2227761609320843478}
  m_Layer: 0
  m_Name: PT_Medieval_LeftHandIndex3
  m_TagString: Untagged
  m_Icon: {fileID: 0}
  m_NavMeshLayer: 0
  m_StaticEditorFlags: 0
  m_IsActive: 1
--- !u!4 &2227761609320843478
Transform:
  m_ObjectHideFlags: 0
  m_CorrespondingSourceObject: {fileID: 0}
  m_PrefabInstance: {fileID: 0}
  m_PrefabAsset: {fileID: 0}
  m_GameObject: {fileID: 2225083649683271580}
  m_LocalRotation: {x: 0.16408321, y: -1.6850629e-16, z: 8.653025e-17, w: 0.9864465}
  m_LocalPosition: {x: -0.0013015644, y: 0.036721874, z: 0.0035456873}
  m_LocalScale: {x: 1, y: 1, z: 1}
  m_Children: []
  m_Father: {fileID: 2230860712000771162}
  m_RootOrder: 0
  m_LocalEulerAnglesHint: {x: 0, y: 0, z: 0}
--- !u!1 &2225104668348188332
GameObject:
  m_ObjectHideFlags: 0
  m_CorrespondingSourceObject: {fileID: 0}
  m_PrefabInstance: {fileID: 0}
  m_PrefabAsset: {fileID: 0}
  serializedVersion: 6
  m_Component:
  - component: {fileID: 2228020784007596994}
  m_Layer: 0
  m_Name: PT_Medieval_LeftHandPinky2
  m_TagString: Untagged
  m_Icon: {fileID: 0}
  m_NavMeshLayer: 0
  m_StaticEditorFlags: 0
  m_IsActive: 1
--- !u!4 &2228020784007596994
Transform:
  m_ObjectHideFlags: 0
  m_CorrespondingSourceObject: {fileID: 0}
  m_PrefabInstance: {fileID: 0}
  m_PrefabAsset: {fileID: 0}
  m_GameObject: {fileID: 2225104668348188332}
  m_LocalRotation: {x: -0.08476753, y: 9.999279e-18, z: -4.705543e-18, w: 0.9964008}
  m_LocalPosition: {x: 0.00074990414, y: 0.028182644, z: -0.010203751}
  m_LocalScale: {x: 1, y: 1, z: 1}
  m_Children:
  - {fileID: 2227762946988566380}
  m_Father: {fileID: 2227900708093521856}
  m_RootOrder: 0
  m_LocalEulerAnglesHint: {x: 0, y: 0, z: 0}
--- !u!1 &2225115891698769364
GameObject:
  m_ObjectHideFlags: 0
  m_CorrespondingSourceObject: {fileID: 0}
  m_PrefabInstance: {fileID: 0}
  m_PrefabAsset: {fileID: 0}
  serializedVersion: 6
  m_Component:
  - component: {fileID: 2227757767246564142}
  m_Layer: 0
  m_Name: PT_Medieval_LeftCape3
  m_TagString: Untagged
  m_Icon: {fileID: 0}
  m_NavMeshLayer: 0
  m_StaticEditorFlags: 0
  m_IsActive: 1
--- !u!4 &2227757767246564142
Transform:
  m_ObjectHideFlags: 0
  m_CorrespondingSourceObject: {fileID: 0}
  m_PrefabInstance: {fileID: 0}
  m_PrefabAsset: {fileID: 0}
  m_GameObject: {fileID: 2225115891698769364}
  m_LocalRotation: {x: 0, y: -0, z: -0, w: 1}
  m_LocalPosition: {x: -0.0056829997, y: 0.35933298, z: 0.03601654}
  m_LocalScale: {x: 1, y: 1, z: 1}
  m_Children:
  - {fileID: 2230702132321909090}
  m_Father: {fileID: 2227685035656327840}
  m_RootOrder: 0
  m_LocalEulerAnglesHint: {x: 0, y: 0, z: 0}
--- !u!1 &2225125656545984222
GameObject:
  m_ObjectHideFlags: 0
  m_CorrespondingSourceObject: {fileID: 0}
  m_PrefabInstance: {fileID: 0}
  m_PrefabAsset: {fileID: 0}
  serializedVersion: 6
  m_Component:
  - component: {fileID: 2230451354216073152}
  m_Layer: 0
  m_Name: PT_Medieval_LeftCape
  m_TagString: Untagged
  m_Icon: {fileID: 0}
  m_NavMeshLayer: 0
  m_StaticEditorFlags: 0
  m_IsActive: 1
--- !u!4 &2230451354216073152
Transform:
  m_ObjectHideFlags: 0
  m_CorrespondingSourceObject: {fileID: 0}
  m_PrefabInstance: {fileID: 0}
  m_PrefabAsset: {fileID: 0}
  m_GameObject: {fileID: 2225125656545984222}
  m_LocalRotation: {x: 1, y: -0, z: 0, w: -6.123234e-17}
  m_LocalPosition: {x: -0.11146, y: 0.08650225, z: -0.14882876}
  m_LocalScale: {x: 1, y: 1, z: 1}
  m_Children:
  - {fileID: 2227685035656327840}
  m_Father: {fileID: 2227682828450472542}
  m_RootOrder: 0
  m_LocalEulerAnglesHint: {x: 0, y: 0, z: 0}
--- !u!1 &2225173525192289238
GameObject:
  m_ObjectHideFlags: 0
  m_CorrespondingSourceObject: {fileID: 0}
  m_PrefabInstance: {fileID: 0}
  m_PrefabAsset: {fileID: 0}
  serializedVersion: 6
  m_Component:
  - component: {fileID: 2230713271561845624}
  m_Layer: 0
  m_Name: PT_Medieval_RightHandPinky2
  m_TagString: Untagged
  m_Icon: {fileID: 0}
  m_NavMeshLayer: 0
  m_StaticEditorFlags: 0
  m_IsActive: 1
--- !u!4 &2230713271561845624
Transform:
  m_ObjectHideFlags: 0
  m_CorrespondingSourceObject: {fileID: 0}
  m_PrefabInstance: {fileID: 0}
  m_PrefabAsset: {fileID: 0}
  m_GameObject: {fileID: 2225173525192289238}
  m_LocalRotation: {x: -0.08476753, y: -1.6469401e-17, z: -5.411375e-17, w: 0.9964008}
  m_LocalPosition: {x: -0.00074990414, y: -0.028182644, z: 0.010203751}
  m_LocalScale: {x: 1, y: 1, z: 1}
  m_Children:
  - {fileID: 2230626985251131382}
  m_Father: {fileID: 2227697882570468916}
  m_RootOrder: 0
  m_LocalEulerAnglesHint: {x: 0, y: 0, z: 0}
--- !u!1 &2225177539652940474
GameObject:
  m_ObjectHideFlags: 0
  m_CorrespondingSourceObject: {fileID: 0}
  m_PrefabInstance: {fileID: 0}
  m_PrefabAsset: {fileID: 0}
  serializedVersion: 6
  m_Component:
  - component: {fileID: 2227872898824081792}
  - component: {fileID: 2285084582466503820}
  - component: {fileID: 2225934096105100996}
  - component: {fileID: 2225934096105100998}
  - component: {fileID: 2225934096105100997}
  - component: {fileID: 2225934096105100999}
  m_Layer: 0
  m_Name: PT_Medieval_Peasant_01_a
  m_TagString: Innocent
  m_Icon: {fileID: 0}
  m_NavMeshLayer: 0
  m_StaticEditorFlags: 0
  m_IsActive: 1
--- !u!4 &2227872898824081792
Transform:
  m_ObjectHideFlags: 0
  m_CorrespondingSourceObject: {fileID: 0}
  m_PrefabInstance: {fileID: 0}
  m_PrefabAsset: {fileID: 0}
  m_GameObject: {fileID: 2225177539652940474}
  m_LocalRotation: {x: -0, y: 0.66550964, z: -0, w: 0.74638927}
  m_LocalPosition: {x: 36.61, y: 5.268381, z: 21.08}
  m_LocalScale: {x: 3, y: 3, z: 3}
  m_Children:
  - {fileID: 2230532663919031904}
  - {fileID: 2230423869899631888}
  - {fileID: 2225934095132055303}
  - {fileID: 2225934096343682008}
  m_Father: {fileID: 0}
  m_RootOrder: 0
  m_LocalEulerAnglesHint: {x: 0, y: 83.443, z: 0}
--- !u!95 &2285084582466503820
Animator:
  serializedVersion: 3
  m_ObjectHideFlags: 0
  m_CorrespondingSourceObject: {fileID: 0}
  m_PrefabInstance: {fileID: 0}
  m_PrefabAsset: {fileID: 0}
  m_GameObject: {fileID: 2225177539652940474}
  m_Enabled: 0
  m_Avatar: {fileID: 9000000, guid: 58cdb76c3fee9cc4a8fa3043a27cba7c, type: 3}
  m_Controller: {fileID: 9100000, guid: 2d2d3e7e191224547885f234ae96e1ed, type: 2}
  m_CullingMode: 1
  m_UpdateMode: 0
  m_ApplyRootMotion: 1
  m_LinearVelocityBlending: 0
  m_WarningMessage: 
  m_HasTransformHierarchy: 1
  m_AllowConstantClipSamplingOptimization: 1
  m_KeepAnimatorControllerStateOnDisable: 0
--- !u!54 &2225934096105100996
Rigidbody:
  m_ObjectHideFlags: 0
  m_CorrespondingSourceObject: {fileID: 0}
  m_PrefabInstance: {fileID: 0}
  m_PrefabAsset: {fileID: 0}
  m_GameObject: {fileID: 2225177539652940474}
  serializedVersion: 2
  m_Mass: 1
  m_Drag: 0
  m_AngularDrag: 0.05
  m_UseGravity: 1
  m_IsKinematic: 1
  m_Interpolate: 0
  m_Constraints: 0
  m_CollisionDetection: 0
--- !u!65 &2225934096105100998
BoxCollider:
  m_ObjectHideFlags: 0
  m_CorrespondingSourceObject: {fileID: 0}
  m_PrefabInstance: {fileID: 0}
  m_PrefabAsset: {fileID: 0}
  m_GameObject: {fileID: 2225177539652940474}
  m_Material: {fileID: 0}
  m_IsTrigger: 1
  m_Enabled: 1
  serializedVersion: 2
  m_Size: {x: 1, y: 1, z: 1.816649}
  m_Center: {x: -0.0000000030735494, y: 0, z: 0.40832236}
--- !u!65 &2225934096105100997
BoxCollider:
  m_ObjectHideFlags: 0
  m_CorrespondingSourceObject: {fileID: 0}
  m_PrefabInstance: {fileID: 0}
  m_PrefabAsset: {fileID: 0}
  m_GameObject: {fileID: 2225177539652940474}
  m_Material: {fileID: 0}
  m_IsTrigger: 0
  m_Enabled: 1
  serializedVersion: 2
  m_Size: {x: 0.4378272, y: 2.308247, z: 0.37517238}
  m_Center: {x: 0.01815311, y: 0.65412325, z: -0.022660347}
--- !u!114 &2225934096105100999
MonoBehaviour:
  m_ObjectHideFlags: 0
  m_CorrespondingSourceObject: {fileID: 0}
  m_PrefabInstance: {fileID: 0}
  m_PrefabAsset: {fileID: 0}
  m_GameObject: {fileID: 2225177539652940474}
  m_Enabled: 1
  m_EditorHideFlags: 0
  m_Script: {fileID: 11500000, guid: ff7957fae68c140499d22c6051c657b2, type: 3}
  m_Name: 
  m_EditorClassIdentifier: 
  sword:
  - {fileID: 2225934096343682009}
  - {fileID: 2224814795453456984}
  pressFText: {fileID: 0}
  arrestedText: {fileID: 0}
--- !u!1 &2225187867568530612
GameObject:
  m_ObjectHideFlags: 0
  m_CorrespondingSourceObject: {fileID: 0}
  m_PrefabInstance: {fileID: 0}
  m_PrefabAsset: {fileID: 0}
  serializedVersion: 6
  m_Component:
  - component: {fileID: 2227671991367064254}
  m_Layer: 0
  m_Name: PT_Medieval_Medium_Bow_slot
  m_TagString: Untagged
  m_Icon: {fileID: 0}
  m_NavMeshLayer: 0
  m_StaticEditorFlags: 0
  m_IsActive: 1
--- !u!4 &2227671991367064254
Transform:
  m_ObjectHideFlags: 0
  m_CorrespondingSourceObject: {fileID: 0}
  m_PrefabInstance: {fileID: 0}
  m_PrefabAsset: {fileID: 0}
  m_GameObject: {fileID: 2225187867568530612}
  m_LocalRotation: {x: 0.4119161, y: -0.074476846, z: 0.8751432, w: 0.24269892}
  m_LocalPosition: {x: -0.06086113, y: -0.023988165, z: -0.16310365}
  m_LocalScale: {x: 1, y: 1, z: 1}
  m_Children: []
  m_Father: {fileID: 2227682828450472542}
  m_RootOrder: 3
  m_LocalEulerAnglesHint: {x: 0, y: 0, z: 0}
--- !u!1 &2225195573446573732
GameObject:
  m_ObjectHideFlags: 0
  m_CorrespondingSourceObject: {fileID: 0}
  m_PrefabInstance: {fileID: 0}
  m_PrefabAsset: {fileID: 0}
  serializedVersion: 6
  m_Component:
  - component: {fileID: 2230790507249729628}
  m_Layer: 0
  m_Name: PT_Medieval_LeftHandRing1
  m_TagString: Untagged
  m_Icon: {fileID: 0}
  m_NavMeshLayer: 0
  m_StaticEditorFlags: 0
  m_IsActive: 1
--- !u!4 &2230790507249729628
Transform:
  m_ObjectHideFlags: 0
  m_CorrespondingSourceObject: {fileID: 0}
  m_PrefabInstance: {fileID: 0}
  m_PrefabAsset: {fileID: 0}
  m_GameObject: {fileID: 2225195573446573732}
  m_LocalRotation: {x: 0.1255726, y: -0.009746214, z: -0.076765224, w: 0.989062}
  m_LocalPosition: {x: -0.020498825, y: 0.101169415, z: -0.009756999}
  m_LocalScale: {x: 1, y: 1, z: 1}
  m_Children:
  - {fileID: 2227907879726829706}
  m_Father: {fileID: 2228151569735675198}
  m_RootOrder: 3
  m_LocalEulerAnglesHint: {x: 0, y: 0, z: 0}
--- !u!1 &2225223838516355452
GameObject:
  m_ObjectHideFlags: 0
  m_CorrespondingSourceObject: {fileID: 0}
  m_PrefabInstance: {fileID: 0}
  m_PrefabAsset: {fileID: 0}
  serializedVersion: 6
  m_Component:
  - component: {fileID: 2227919625999928182}
  m_Layer: 0
  m_Name: PT_Medieval_RightForeArm
  m_TagString: Untagged
  m_Icon: {fileID: 0}
  m_NavMeshLayer: 0
  m_StaticEditorFlags: 0
  m_IsActive: 1
--- !u!4 &2227919625999928182
Transform:
  m_ObjectHideFlags: 0
  m_CorrespondingSourceObject: {fileID: 0}
  m_PrefabInstance: {fileID: 0}
  m_PrefabAsset: {fileID: 0}
  m_GameObject: {fileID: 2225223838516355452}
  m_LocalRotation: {x: -0.1194774, y: 0.004352882, z: -0.036147382, w: 0.99216914}
  m_LocalPosition: {x: 0.0016893874, y: -0.2694033, z: 0.037285056}
  m_LocalScale: {x: 1, y: 1, z: 1}
  m_Children:
  - {fileID: 2230551463579038424}
  m_Father: {fileID: 2230861072532697940}
  m_RootOrder: 0
  m_LocalEulerAnglesHint: {x: 0, y: 0, z: 0}
--- !u!1 &2225230565397784720
GameObject:
  m_ObjectHideFlags: 0
  m_CorrespondingSourceObject: {fileID: 0}
  m_PrefabInstance: {fileID: 0}
  m_PrefabAsset: {fileID: 0}
  serializedVersion: 6
  m_Component:
  - component: {fileID: 2230646136110472862}
  m_Layer: 0
  m_Name: PT_Medieval_RightShoulder
  m_TagString: Untagged
  m_Icon: {fileID: 0}
  m_NavMeshLayer: 0
  m_StaticEditorFlags: 0
  m_IsActive: 1
--- !u!4 &2230646136110472862
Transform:
  m_ObjectHideFlags: 0
  m_CorrespondingSourceObject: {fileID: 0}
  m_PrefabInstance: {fileID: 0}
  m_PrefabAsset: {fileID: 0}
  m_GameObject: {fileID: 2225230565397784720}
  m_LocalRotation: {x: -0.41975915, y: 0.57201356, z: 0.43446514, w: 0.5548358}
  m_LocalPosition: {x: 0.065679304, y: 0.065528035, z: -0.0067431717}
  m_LocalScale: {x: 1, y: 1, z: 1}
  m_Children:
  - {fileID: 2230861072532697940}
  m_Father: {fileID: 2227682828450472542}
  m_RootOrder: 7
  m_LocalEulerAnglesHint: {x: 0, y: 0, z: 0}
--- !u!1 &2225233811517675308
GameObject:
  m_ObjectHideFlags: 0
  m_CorrespondingSourceObject: {fileID: 0}
  m_PrefabInstance: {fileID: 0}
  m_PrefabAsset: {fileID: 0}
  serializedVersion: 6
  m_Component:
  - component: {fileID: 2228119639028778070}
  m_Layer: 0
  m_Name: PT_Medieval_RightHandIndex3
  m_TagString: Untagged
  m_Icon: {fileID: 0}
  m_NavMeshLayer: 0
  m_StaticEditorFlags: 0
  m_IsActive: 1
--- !u!4 &2228119639028778070
Transform:
  m_ObjectHideFlags: 0
  m_CorrespondingSourceObject: {fileID: 0}
  m_PrefabInstance: {fileID: 0}
  m_PrefabAsset: {fileID: 0}
  m_GameObject: {fileID: 2225233811517675308}
  m_LocalRotation: {x: 0.16408321, y: -4.554224e-18, z: -5.4650688e-17, w: 0.9864465}
  m_LocalPosition: {x: 0.0013015644, y: -0.036721874, z: -0.0035456873}
  m_LocalScale: {x: 1, y: 1, z: 1}
  m_Children: []
  m_Father: {fileID: 2227860056846783574}
  m_RootOrder: 0
  m_LocalEulerAnglesHint: {x: 0, y: 0, z: 0}
--- !u!1 &2225252319086949916
GameObject:
  m_ObjectHideFlags: 0
  m_CorrespondingSourceObject: {fileID: 0}
  m_PrefabInstance: {fileID: 0}
  m_PrefabAsset: {fileID: 0}
  serializedVersion: 6
  m_Component:
  - component: {fileID: 2227891532494876350}
  m_Layer: 0
  m_Name: PT_Medieval_Second_Weapon_slot
  m_TagString: Untagged
  m_Icon: {fileID: 0}
  m_NavMeshLayer: 0
  m_StaticEditorFlags: 0
  m_IsActive: 1
--- !u!4 &2227891532494876350
Transform:
  m_ObjectHideFlags: 0
  m_CorrespondingSourceObject: {fileID: 0}
  m_PrefabInstance: {fileID: 0}
  m_PrefabAsset: {fileID: 0}
  m_GameObject: {fileID: 2225252319086949916}
  m_LocalRotation: {x: 0.896631, y: 0.15798475, z: 0.41029167, w: 0.052482314}
  m_LocalPosition: {x: -0.061379284, y: -0.023051186, z: 0.095135055}
  m_LocalScale: {x: 1, y: 1, z: 1}
  m_Children: []
  m_Father: {fileID: 2230833398338818876}
  m_RootOrder: 1
  m_LocalEulerAnglesHint: {x: 0, y: 0, z: 0}
--- !u!1 &2225258997460076970
GameObject:
  m_ObjectHideFlags: 0
  m_CorrespondingSourceObject: {fileID: 0}
  m_PrefabInstance: {fileID: 0}
  m_PrefabAsset: {fileID: 0}
  serializedVersion: 6
  m_Component:
  - component: {fileID: 2228103133505026942}
  m_Layer: 0
  m_Name: PT_Medieval_LeftHandMiddle1
  m_TagString: Untagged
  m_Icon: {fileID: 0}
  m_NavMeshLayer: 0
  m_StaticEditorFlags: 0
  m_IsActive: 1
--- !u!4 &2228103133505026942
Transform:
  m_ObjectHideFlags: 0
  m_CorrespondingSourceObject: {fileID: 0}
  m_PrefabInstance: {fileID: 0}
  m_PrefabAsset: {fileID: 0}
  m_GameObject: {fileID: 2225258997460076970}
  m_LocalRotation: {x: 0.07121196, y: -0.0049869064, z: -0.069679745, w: 0.9950119}
  m_LocalPosition: {x: 0.006663853, y: 0.10554572, z: -0.0064793355}
  m_LocalScale: {x: 1, y: 1, z: 1}
  m_Children:
  - {fileID: 2230516871016135092}
  m_Father: {fileID: 2228151569735675198}
  m_RootOrder: 1
  m_LocalEulerAnglesHint: {x: 0, y: 0, z: 0}
--- !u!1 &2225267030895921860
GameObject:
  m_ObjectHideFlags: 0
  m_CorrespondingSourceObject: {fileID: 0}
  m_PrefabInstance: {fileID: 0}
  m_PrefabAsset: {fileID: 0}
  serializedVersion: 6
  m_Component:
  - component: {fileID: 2230423869899631888}
  - component: {fileID: 2234633467104879762}
  m_Layer: 0
  m_Name: PT_Medieval_Peasant_01
  m_TagString: Untagged
  m_Icon: {fileID: 0}
  m_NavMeshLayer: 0
  m_StaticEditorFlags: 0
  m_IsActive: 1
--- !u!4 &2230423869899631888
Transform:
  m_ObjectHideFlags: 0
  m_CorrespondingSourceObject: {fileID: 0}
  m_PrefabInstance: {fileID: 0}
  m_PrefabAsset: {fileID: 0}
  m_GameObject: {fileID: 2225267030895921860}
  m_LocalRotation: {x: 0, y: -0, z: -0, w: 1}
  m_LocalPosition: {x: -0, y: 0, z: 0}
  m_LocalScale: {x: 1, y: 1, z: 1}
  m_Children: []
  m_Father: {fileID: 2227872898824081792}
  m_RootOrder: 1
  m_LocalEulerAnglesHint: {x: 0, y: 0, z: 0}
--- !u!137 &2234633467104879762
SkinnedMeshRenderer:
  m_ObjectHideFlags: 0
  m_CorrespondingSourceObject: {fileID: 0}
  m_PrefabInstance: {fileID: 0}
  m_PrefabAsset: {fileID: 0}
  m_GameObject: {fileID: 2225267030895921860}
  m_Enabled: 1
  m_CastShadows: 1
  m_ReceiveShadows: 1
  m_DynamicOccludee: 1
  m_MotionVectors: 1
  m_LightProbeUsage: 1
  m_ReflectionProbeUsage: 1
  m_RenderingLayerMask: 1
  m_RendererPriority: 0
  m_Materials:
  - {fileID: 2100000, guid: 22afcda8ed8075e4da06a1fca79e9d3e, type: 2}
  m_StaticBatchInfo:
    firstSubMesh: 0
    subMeshCount: 0
  m_StaticBatchRoot: {fileID: 0}
  m_ProbeAnchor: {fileID: 0}
  m_LightProbeVolumeOverride: {fileID: 0}
  m_ScaleInLightmap: 1
  m_PreserveUVs: 0
  m_IgnoreNormalsForChartDetection: 0
  m_ImportantGI: 0
  m_StitchLightmapSeams: 0
  m_SelectedEditorRenderState: 3
  m_MinimumChartSize: 4
  m_AutoUVMaxDistance: 0.5
  m_AutoUVMaxAngle: 89
  m_LightmapParameters: {fileID: 0}
  m_SortingLayerID: 0
  m_SortingLayer: 0
  m_SortingOrder: 0
  serializedVersion: 2
  m_Quality: 0
  m_UpdateWhenOffscreen: 0
  m_SkinnedMotionVectors: 1
  m_Mesh: {fileID: 4300000, guid: 58cdb76c3fee9cc4a8fa3043a27cba7c, type: 3}
  m_Bones:
  - {fileID: 2230532663919031904}
  - {fileID: 2230751107536559860}
  - {fileID: 2230779978026287016}
  - {fileID: 2227682828450472542}
  - {fileID: 2230521465969783866}
  - {fileID: 2228046093265593424}
  - {fileID: 2230859445996522304}
  - {fileID: 2230646136110472862}
  - {fileID: 2230861072532697940}
  - {fileID: 2227919625999928182}
  - {fileID: 2230551463579038424}
  - {fileID: 2230899733293502996}
  - {fileID: 2230523185398137000}
  - {fileID: 2230821074723706410}
  - {fileID: 2227820670159072066}
  - {fileID: 2227860056846783574}
  - {fileID: 2228119639028778070}
  - {fileID: 2227696289486502864}
  - {fileID: 2230710123325794816}
  - {fileID: 2227793528050430934}
  - {fileID: 2227693109787746770}
  - {fileID: 2227875659537519660}
  - {fileID: 2230413316096610924}
  - {fileID: 2227697882570468916}
  - {fileID: 2230713271561845624}
  - {fileID: 2230626985251131382}
  - {fileID: 2230656260137181076}
  - {fileID: 2227719591629483928}
  - {fileID: 2227827769601676592}
  - {fileID: 2228151569735675198}
  - {fileID: 2230501254330968780}
  - {fileID: 2230724377779506584}
  - {fileID: 2228087010484250656}
  - {fileID: 2230677822490035972}
  - {fileID: 2230860712000771162}
  - {fileID: 2227761609320843478}
  - {fileID: 2228103133505026942}
  - {fileID: 2230516871016135092}
  - {fileID: 2230537437295527678}
  - {fileID: 2230790507249729628}
  - {fileID: 2227907879726829706}
  - {fileID: 2227846991585874870}
  - {fileID: 2227900708093521856}
  - {fileID: 2228020784007596994}
  - {fileID: 2227762946988566380}
  - {fileID: 2228081579907306410}
  - {fileID: 2230760255906841568}
  - {fileID: 2227721524160514092}
  - {fileID: 2227972595359386984}
  - {fileID: 2230451354216073152}
  - {fileID: 2227685035656327840}
  - {fileID: 2227757767246564142}
  - {fileID: 2230702132321909090}
  - {fileID: 2230868046577125160}
  - {fileID: 2230760502826639470}
  - {fileID: 2227916117216295792}
  - {fileID: 2228023113573323586}
  - {fileID: 2230833398338818876}
  - {fileID: 2227883730139004030}
  - {fileID: 2227798620489578736}
  - {fileID: 2228152457702753918}
  m_BlendShapeWeights: []
  m_RootBone: {fileID: 2230532663919031904}
  m_AABB:
    m_Center: {x: 0.000000029802322, y: -0.19536501, z: -0.006177388}
    m_Extent: {x: 0.92435706, y: 0.959703, z: 0.22002}
  m_DirtyAABB: 0
--- !u!1 &2225301757665513248
GameObject:
  m_ObjectHideFlags: 0
  m_CorrespondingSourceObject: {fileID: 0}
  m_PrefabInstance: {fileID: 0}
  m_PrefabAsset: {fileID: 0}
  serializedVersion: 6
  m_Component:
  - component: {fileID: 2227972595359386984}
  m_Layer: 0
  m_Name: PT_Medieval_RightCape4
  m_TagString: Untagged
  m_Icon: {fileID: 0}
  m_NavMeshLayer: 0
  m_StaticEditorFlags: 0
  m_IsActive: 1
--- !u!4 &2227972595359386984
Transform:
  m_ObjectHideFlags: 0
  m_CorrespondingSourceObject: {fileID: 0}
  m_PrefabInstance: {fileID: 0}
  m_PrefabAsset: {fileID: 0}
  m_GameObject: {fileID: 2225301757665513248}
  m_LocalRotation: {x: 0, y: -0, z: -0, w: 1}
  m_LocalPosition: {x: -0.0011662522, y: -0.32133368, z: -0.037259296}
  m_LocalScale: {x: 1, y: 1, z: 1}
  m_Children: []
  m_Father: {fileID: 2227721524160514092}
  m_RootOrder: 0
  m_LocalEulerAnglesHint: {x: 0, y: 0, z: 0}
--- !u!1 &2225318732028753744
GameObject:
  m_ObjectHideFlags: 0
  m_CorrespondingSourceObject: {fileID: 0}
  m_PrefabInstance: {fileID: 0}
  m_PrefabAsset: {fileID: 0}
  serializedVersion: 6
  m_Component:
  - component: {fileID: 2228081579907306410}
  m_Layer: 0
  m_Name: PT_Medieval_RightCape
  m_TagString: Untagged
  m_Icon: {fileID: 0}
  m_NavMeshLayer: 0
  m_StaticEditorFlags: 0
  m_IsActive: 1
--- !u!4 &2228081579907306410
Transform:
  m_ObjectHideFlags: 0
  m_CorrespondingSourceObject: {fileID: 0}
  m_PrefabInstance: {fileID: 0}
  m_PrefabAsset: {fileID: 0}
  m_GameObject: {fileID: 2225318732028753744}
  m_LocalRotation: {x: 0, y: -0, z: -0, w: 1}
  m_LocalPosition: {x: 0.11145995, y: 0.08649874, z: -0.14882901}
  m_LocalScale: {x: 1, y: 1, z: 1}
  m_Children:
  - {fileID: 2230760255906841568}
  m_Father: {fileID: 2227682828450472542}
  m_RootOrder: 6
  m_LocalEulerAnglesHint: {x: 0, y: 0, z: 0}
--- !u!1 &2225340601473153466
GameObject:
  m_ObjectHideFlags: 0
  m_CorrespondingSourceObject: {fileID: 0}
  m_PrefabInstance: {fileID: 0}
  m_PrefabAsset: {fileID: 0}
  serializedVersion: 6
  m_Component:
  - component: {fileID: 2230724377779506584}
  m_Layer: 0
  m_Name: PT_Medieval_LeftHandThumb2
  m_TagString: Untagged
  m_Icon: {fileID: 0}
  m_NavMeshLayer: 0
  m_StaticEditorFlags: 0
  m_IsActive: 1
--- !u!4 &2230724377779506584
Transform:
  m_ObjectHideFlags: 0
  m_CorrespondingSourceObject: {fileID: 0}
  m_PrefabInstance: {fileID: 0}
  m_PrefabAsset: {fileID: 0}
  m_GameObject: {fileID: 2225340601473153466}
  m_LocalRotation: {x: 0.03892264, y: 6.4819217e-18, z: 3.0282728e-17, w: 0.99924225}
  m_LocalPosition: {x: 0.009661474, y: 0.06264963, z: 0.008649425}
  m_LocalScale: {x: 1, y: 1, z: 1}
  m_Children:
  - {fileID: 2228087010484250656}
  m_Father: {fileID: 2230501254330968780}
  m_RootOrder: 0
  m_LocalEulerAnglesHint: {x: 0, y: 0, z: 0}
--- !u!1 &2225356368881259162
GameObject:
  m_ObjectHideFlags: 0
  m_CorrespondingSourceObject: {fileID: 0}
  m_PrefabInstance: {fileID: 0}
  m_PrefabAsset: {fileID: 0}
  serializedVersion: 6
  m_Component:
  - component: {fileID: 2227719591629483928}
  m_Layer: 0
  m_Name: PT_Medieval_LeftArm
  m_TagString: Untagged
  m_Icon: {fileID: 0}
  m_NavMeshLayer: 0
  m_StaticEditorFlags: 0
  m_IsActive: 1
--- !u!4 &2227719591629483928
Transform:
  m_ObjectHideFlags: 0
  m_CorrespondingSourceObject: {fileID: 0}
  m_PrefabInstance: {fileID: 0}
  m_PrefabAsset: {fileID: 0}
  m_GameObject: {fileID: 2225356368881259162}
  m_LocalRotation: {x: 0.5448145, y: -0.070637204, z: 0.08339957, w: 0.8314037}
  m_LocalPosition: {x: 0.0030667144, y: 0.11715901, z: -0.027578607}
  m_LocalScale: {x: 1, y: 1, z: 1}
  m_Children:
  - {fileID: 2227827769601676592}
  m_Father: {fileID: 2230656260137181076}
  m_RootOrder: 0
  m_LocalEulerAnglesHint: {x: 66.593, y: -3.8370001, z: 8.936001}
--- !u!1 &2225377611618619774
GameObject:
  m_ObjectHideFlags: 0
  m_CorrespondingSourceObject: {fileID: 0}
  m_PrefabInstance: {fileID: 0}
  m_PrefabAsset: {fileID: 0}
  serializedVersion: 6
  m_Component:
  - component: {fileID: 2227900708093521856}
  m_Layer: 0
  m_Name: PT_Medieval_LeftHandPinky1
  m_TagString: Untagged
  m_Icon: {fileID: 0}
  m_NavMeshLayer: 0
  m_StaticEditorFlags: 0
  m_IsActive: 1
--- !u!4 &2227900708093521856
Transform:
  m_ObjectHideFlags: 0
  m_CorrespondingSourceObject: {fileID: 0}
  m_PrefabInstance: {fileID: 0}
  m_PrefabAsset: {fileID: 0}
  m_GameObject: {fileID: 2225377611618619774}
  m_LocalRotation: {x: 0.20583394, y: 0.0075915214, z: 0.036066417, w: 0.97789264}
  m_LocalPosition: {x: -0.042899612, y: 0.094950385, z: -0.0031276178}
  m_LocalScale: {x: 1, y: 1, z: 1}
  m_Children:
  - {fileID: 2228020784007596994}
  m_Father: {fileID: 2228151569735675198}
  m_RootOrder: 2
  m_LocalEulerAnglesHint: {x: 0, y: 0, z: 0}
--- !u!1 &2225392321062053260
GameObject:
  m_ObjectHideFlags: 0
  m_CorrespondingSourceObject: {fileID: 0}
  m_PrefabInstance: {fileID: 0}
  m_PrefabAsset: {fileID: 0}
  serializedVersion: 6
  m_Component:
  - component: {fileID: 2230833398338818876}
  m_Layer: 0
  m_Name: PT_Medieval_RightUpLeg
  m_TagString: Untagged
  m_Icon: {fileID: 0}
  m_NavMeshLayer: 0
  m_StaticEditorFlags: 0
  m_IsActive: 1
--- !u!4 &2230833398338818876
Transform:
  m_ObjectHideFlags: 0
  m_CorrespondingSourceObject: {fileID: 0}
  m_PrefabInstance: {fileID: 0}
  m_PrefabAsset: {fileID: 0}
  m_GameObject: {fileID: 2225392321062053260}
  m_LocalRotation: {x: 0.00016803626, y: 0.006834478, z: 0.99967456, w: -0.024578555}
  m_LocalPosition: {x: 0.073511474, y: -0.09832772, z: -0.010343302}
  m_LocalScale: {x: 1, y: 1, z: 1}
  m_Children:
  - {fileID: 2227883730139004030}
  - {fileID: 2227891532494876350}
  m_Father: {fileID: 2230532663919031904}
  m_RootOrder: 1
  m_LocalEulerAnglesHint: {x: 0, y: 0, z: 0}
--- !u!1 &2225394531733374794
GameObject:
  m_ObjectHideFlags: 0
  m_CorrespondingSourceObject: {fileID: 0}
  m_PrefabInstance: {fileID: 0}
  m_PrefabAsset: {fileID: 0}
  serializedVersion: 6
  m_Component:
  - component: {fileID: 2227798620489578736}
  m_Layer: 0
  m_Name: PT_Medieval_RightFoot
  m_TagString: Untagged
  m_Icon: {fileID: 0}
  m_NavMeshLayer: 0
  m_StaticEditorFlags: 0
  m_IsActive: 1
--- !u!4 &2227798620489578736
Transform:
  m_ObjectHideFlags: 0
  m_CorrespondingSourceObject: {fileID: 0}
  m_PrefabInstance: {fileID: 0}
  m_PrefabAsset: {fileID: 0}
  m_GameObject: {fileID: 2225394531733374794}
  m_LocalRotation: {x: 0.4818592, y: -0.0007733488, z: 0.0004252736, w: 0.87624824}
  m_LocalPosition: {x: 0.000060474285, y: 0.4042705, z: -0.013081952}
  m_LocalScale: {x: 1, y: 1, z: 1}
  m_Children:
  - {fileID: 2228152457702753918}
  m_Father: {fileID: 2227883730139004030}
  m_RootOrder: 0
  m_LocalEulerAnglesHint: {x: 0, y: 0, z: 0}
--- !u!1 &2225412059374759566
GameObject:
  m_ObjectHideFlags: 0
  m_CorrespondingSourceObject: {fileID: 0}
  m_PrefabInstance: {fileID: 0}
  m_PrefabAsset: {fileID: 0}
  serializedVersion: 6
  m_Component:
  - component: {fileID: 2227793528050430934}
  m_Layer: 0
  m_Name: PT_Medieval_RightHandMiddle3
  m_TagString: Untagged
  m_Icon: {fileID: 0}
  m_NavMeshLayer: 0
  m_StaticEditorFlags: 0
  m_IsActive: 1
--- !u!4 &2227793528050430934
Transform:
  m_ObjectHideFlags: 0
  m_CorrespondingSourceObject: {fileID: 0}
  m_PrefabInstance: {fileID: 0}
  m_PrefabAsset: {fileID: 0}
  m_GameObject: {fileID: 2225412059374759566}
  m_LocalRotation: {x: 0.045742024, y: 5.078385e-18, z: -2.5391925e-17, w: 0.9989533}
  m_LocalPosition: {x: 0.0023735352, y: -0.03550315, z: -0.0069762617}
  m_LocalScale: {x: 1, y: 1, z: 1}
  m_Children: []
  m_Father: {fileID: 2230710123325794816}
  m_RootOrder: 0
  m_LocalEulerAnglesHint: {x: 0, y: 0, z: 0}
--- !u!1 &2225429150171370196
GameObject:
  m_ObjectHideFlags: 0
  m_CorrespondingSourceObject: {fileID: 0}
  m_PrefabInstance: {fileID: 0}
  m_PrefabAsset: {fileID: 0}
  serializedVersion: 6
  m_Component:
  - component: {fileID: 2227721524160514092}
  m_Layer: 0
  m_Name: PT_Medieval_RightCape3
  m_TagString: Untagged
  m_Icon: {fileID: 0}
  m_NavMeshLayer: 0
  m_StaticEditorFlags: 0
  m_IsActive: 1
--- !u!4 &2227721524160514092
Transform:
  m_ObjectHideFlags: 0
  m_CorrespondingSourceObject: {fileID: 0}
  m_PrefabInstance: {fileID: 0}
  m_PrefabAsset: {fileID: 0}
  m_GameObject: {fileID: 2225429150171370196}
  m_LocalRotation: {x: 0, y: -0, z: -0, w: 1}
  m_LocalPosition: {x: 0.005683145, y: -0.35933653, z: -0.0360173}
  m_LocalScale: {x: 1, y: 1, z: 1}
  m_Children:
  - {fileID: 2227972595359386984}
  m_Father: {fileID: 2230760255906841568}
  m_RootOrder: 0
  m_LocalEulerAnglesHint: {x: 0, y: 0, z: 0}
--- !u!1 &2225472147556261402
GameObject:
  m_ObjectHideFlags: 0
  m_CorrespondingSourceObject: {fileID: 0}
  m_PrefabInstance: {fileID: 0}
  m_PrefabAsset: {fileID: 0}
  serializedVersion: 6
  m_Component:
  - component: {fileID: 2227682828450472542}
  m_Layer: 0
  m_Name: PT_Medieval_Spine3
  m_TagString: Untagged
  m_Icon: {fileID: 0}
  m_NavMeshLayer: 0
  m_StaticEditorFlags: 0
  m_IsActive: 1
--- !u!4 &2227682828450472542
Transform:
  m_ObjectHideFlags: 0
  m_CorrespondingSourceObject: {fileID: 0}
  m_PrefabInstance: {fileID: 0}
  m_PrefabAsset: {fileID: 0}
  m_GameObject: {fileID: 2225472147556261402}
  m_LocalRotation: {x: 0, y: -0, z: -0, w: 1}
  m_LocalPosition: {x: -0, y: 0.0919023, z: -0.012949092}
  m_LocalScale: {x: 1, y: 1, z: 1}
  m_Children:
  - {fileID: 2230451354216073152}
  - {fileID: 2230656260137181076}
  - {fileID: 2230898374297806262}
  - {fileID: 2227671991367064254}
  - {fileID: 2230521465969783866}
  - {fileID: 2228142107831272420}
  - {fileID: 2228081579907306410}
  - {fileID: 2230646136110472862}
  m_Father: {fileID: 2230779978026287016}
  m_RootOrder: 0
  m_LocalEulerAnglesHint: {x: 0, y: 0, z: 0}
--- !u!1 &2225475996489814650
GameObject:
  m_ObjectHideFlags: 0
  m_CorrespondingSourceObject: {fileID: 0}
  m_PrefabInstance: {fileID: 0}
  m_PrefabAsset: {fileID: 0}
  serializedVersion: 6
  m_Component:
  - component: {fileID: 2230753022693505866}
  m_Layer: 0
  m_Name: PT_Medieval_Small_Shield_slot
  m_TagString: Untagged
  m_Icon: {fileID: 0}
  m_NavMeshLayer: 0
  m_StaticEditorFlags: 0
  m_IsActive: 1
--- !u!4 &2230753022693505866
Transform:
  m_ObjectHideFlags: 0
  m_CorrespondingSourceObject: {fileID: 0}
  m_PrefabInstance: {fileID: 0}
  m_PrefabAsset: {fileID: 0}
  m_GameObject: {fileID: 2225475996489814650}
  m_LocalRotation: {x: 0.71049285, y: 0.6963923, z: 0.07626676, w: -0.06649098}
  m_LocalPosition: {x: -0.008307497, y: 0.34597674, z: 0.002939763}
  m_LocalScale: {x: 1, y: 1, z: 1}
  m_Children: []
  m_Father: {fileID: 2227827769601676592}
  m_RootOrder: 4
  m_LocalEulerAnglesHint: {x: 0, y: 0, z: 0}
--- !u!1 &2225492382866886432
GameObject:
  m_ObjectHideFlags: 0
  m_CorrespondingSourceObject: {fileID: 0}
  m_PrefabInstance: {fileID: 0}
  m_PrefabAsset: {fileID: 0}
  serializedVersion: 6
  m_Component:
  - component: {fileID: 2228152457702753918}
  m_Layer: 0
  m_Name: PT_Medieval_RightToe
  m_TagString: Untagged
  m_Icon: {fileID: 0}
  m_NavMeshLayer: 0
  m_StaticEditorFlags: 0
  m_IsActive: 1
--- !u!4 &2228152457702753918
Transform:
  m_ObjectHideFlags: 0
  m_CorrespondingSourceObject: {fileID: 0}
  m_PrefabInstance: {fileID: 0}
  m_PrefabAsset: {fileID: 0}
  m_GameObject: {fileID: 2225492382866886432}
  m_LocalRotation: {x: 0.32279554, y: -0.08884289, z: 0.03045037, w: 0.9417976}
  m_LocalPosition: {x: -0.000025255247, y: 0.1438179, z: -0.0088649485}
  m_LocalScale: {x: 1, y: 1, z: 1}
  m_Children: []
  m_Father: {fileID: 2227798620489578736}
  m_RootOrder: 0
  m_LocalEulerAnglesHint: {x: 0, y: 0, z: 0}
--- !u!1 &2225492413690675080
GameObject:
  m_ObjectHideFlags: 0
  m_CorrespondingSourceObject: {fileID: 0}
  m_PrefabInstance: {fileID: 0}
  m_PrefabAsset: {fileID: 0}
  serializedVersion: 6
  m_Component:
  - component: {fileID: 2227883730139004030}
  m_Layer: 0
  m_Name: PT_Medieval_RightLeg
  m_TagString: Untagged
  m_Icon: {fileID: 0}
  m_NavMeshLayer: 0
  m_StaticEditorFlags: 0
  m_IsActive: 1
--- !u!4 &2227883730139004030
Transform:
  m_ObjectHideFlags: 0
  m_CorrespondingSourceObject: {fileID: 0}
  m_PrefabInstance: {fileID: 0}
  m_PrefabAsset: {fileID: 0}
  m_GameObject: {fileID: 2225492413690675080}
  m_LocalRotation: {x: -0.019684935, y: 0.0006116889, z: -0.031052947, w: 0.9993237}
  m_LocalPosition: {x: -0.0025030195, y: 0.4204197, z: 0.005846788}
  m_LocalScale: {x: 1, y: 1, z: 1}
  m_Children:
  - {fileID: 2227798620489578736}
  m_Father: {fileID: 2230833398338818876}
  m_RootOrder: 0
  m_LocalEulerAnglesHint: {x: 0, y: 0, z: 0}
--- !u!1 &2225495855040395134
GameObject:
  m_ObjectHideFlags: 0
  m_CorrespondingSourceObject: {fileID: 0}
  m_PrefabInstance: {fileID: 0}
  m_PrefabAsset: {fileID: 0}
  serializedVersion: 6
  m_Component:
  - component: {fileID: 2227820670159072066}
  m_Layer: 0
  m_Name: PT_Medieval_RightHandIndex1
  m_TagString: Untagged
  m_Icon: {fileID: 0}
  m_NavMeshLayer: 0
  m_StaticEditorFlags: 0
  m_IsActive: 1
--- !u!4 &2227820670159072066
Transform:
  m_ObjectHideFlags: 0
  m_CorrespondingSourceObject: {fileID: 0}
  m_PrefabInstance: {fileID: 0}
  m_PrefabAsset: {fileID: 0}
  m_GameObject: {fileID: 2225495855040395134}
  m_LocalRotation: {x: 0.055548213, y: -0.0029377441, z: -0.052730806, w: 0.99705833}
  m_LocalPosition: {x: -0.033899162, y: -0.09278098, z: 0.005699886}
  m_LocalScale: {x: 1, y: 1, z: 1}
  m_Children:
  - {fileID: 2227860056846783574}
  m_Father: {fileID: 2230551463579038424}
  m_RootOrder: 1
  m_LocalEulerAnglesHint: {x: 0, y: 0, z: 0}
--- !u!1 &2225511400845733652
GameObject:
  m_ObjectHideFlags: 0
  m_CorrespondingSourceObject: {fileID: 0}
  m_PrefabInstance: {fileID: 0}
  m_PrefabAsset: {fileID: 0}
  serializedVersion: 6
  m_Component:
  - component: {fileID: 2228046093265593424}
  m_Layer: 0
  m_Name: PT_Medieval_Head
  m_TagString: Untagged
  m_Icon: {fileID: 0}
  m_NavMeshLayer: 0
  m_StaticEditorFlags: 0
  m_IsActive: 1
--- !u!4 &2228046093265593424
Transform:
  m_ObjectHideFlags: 0
  m_CorrespondingSourceObject: {fileID: 0}
  m_PrefabInstance: {fileID: 0}
  m_PrefabAsset: {fileID: 0}
  m_GameObject: {fileID: 2225511400845733652}
  m_LocalRotation: {x: 0, y: -0, z: -0, w: 1}
  m_LocalPosition: {x: -0, y: 0.09119416, z: 0.024500813}
  m_LocalScale: {x: 1, y: 1, z: 1}
  m_Children:
  - {fileID: 2230859445996522304}
  m_Father: {fileID: 2230521465969783866}
  m_RootOrder: 0
  m_LocalEulerAnglesHint: {x: 0, y: 0, z: 0}
--- !u!1 &2225521221242051558
GameObject:
  m_ObjectHideFlags: 0
  m_CorrespondingSourceObject: {fileID: 0}
  m_PrefabInstance: {fileID: 0}
  m_PrefabAsset: {fileID: 0}
  serializedVersion: 6
  m_Component:
  - component: {fileID: 2230428945928850378}
  m_Layer: 0
  m_Name: PT_Medieval_Sheat_slot
  m_TagString: Untagged
  m_Icon: {fileID: 0}
  m_NavMeshLayer: 0
  m_StaticEditorFlags: 0
  m_IsActive: 1
--- !u!4 &2230428945928850378
Transform:
  m_ObjectHideFlags: 0
  m_CorrespondingSourceObject: {fileID: 0}
  m_PrefabInstance: {fileID: 0}
  m_PrefabAsset: {fileID: 0}
  m_GameObject: {fileID: 2225521221242051558}
  m_LocalRotation: {x: 0.5862357, y: 0.18263857, z: 0.76043105, w: 0.21146002}
  m_LocalPosition: {x: 0.10185492, y: 0.08588978, z: -0.00048252856}
  m_LocalScale: {x: 1, y: 1, z: 1}
  m_Children: []
  m_Father: {fileID: 2230868046577125160}
  m_RootOrder: 1
  m_LocalEulerAnglesHint: {x: 0, y: 0, z: 0}
--- !u!1 &2225572802228774838
GameObject:
  m_ObjectHideFlags: 0
  m_CorrespondingSourceObject: {fileID: 0}
  m_PrefabInstance: {fileID: 0}
  m_PrefabAsset: {fileID: 0}
  serializedVersion: 6
  m_Component:
  - component: {fileID: 2230860712000771162}
  m_Layer: 0
  m_Name: PT_Medieval_LeftHandIndex2
  m_TagString: Untagged
  m_Icon: {fileID: 0}
  m_NavMeshLayer: 0
  m_StaticEditorFlags: 0
  m_IsActive: 1
--- !u!4 &2230860712000771162
Transform:
  m_ObjectHideFlags: 0
  m_CorrespondingSourceObject: {fileID: 0}
  m_PrefabInstance: {fileID: 0}
  m_PrefabAsset: {fileID: 0}
  m_GameObject: {fileID: 2225572802228774838}
  m_LocalRotation: {x: 0.09512609, y: -1.0561117e-16, z: 3.432363e-17, w: 0.9954652}
  m_LocalPosition: {x: 0.00096788263, y: 0.042752422, z: -0.0010528902}
  m_LocalScale: {x: 1, y: 1, z: 1}
  m_Children:
  - {fileID: 2227761609320843478}
  m_Father: {fileID: 2230677822490035972}
  m_RootOrder: 0
  m_LocalEulerAnglesHint: {x: 0, y: 0, z: 0}
--- !u!1 &2225586980814132648
GameObject:
  m_ObjectHideFlags: 0
  m_CorrespondingSourceObject: {fileID: 0}
  m_PrefabInstance: {fileID: 0}
  m_PrefabAsset: {fileID: 0}
  serializedVersion: 6
  m_Component:
  - component: {fileID: 2230677822490035972}
  m_Layer: 0
  m_Name: PT_Medieval_LeftHandIndex1
  m_TagString: Untagged
  m_Icon: {fileID: 0}
  m_NavMeshLayer: 0
  m_StaticEditorFlags: 0
  m_IsActive: 1
--- !u!4 &2230677822490035972
Transform:
  m_ObjectHideFlags: 0
  m_CorrespondingSourceObject: {fileID: 0}
  m_PrefabInstance: {fileID: 0}
  m_PrefabAsset: {fileID: 0}
  m_GameObject: {fileID: 2225586980814132648}
  m_LocalRotation: {x: 0.055548213, y: -0.0029377441, z: -0.052730806, w: 0.99705833}
  m_LocalPosition: {x: 0.033899162, y: 0.09278098, z: -0.005699886}
  m_LocalScale: {x: 1, y: 1, z: 1}
  m_Children:
  - {fileID: 2230860712000771162}
  m_Father: {fileID: 2228151569735675198}
  m_RootOrder: 0
  m_LocalEulerAnglesHint: {x: 0, y: 0, z: 0}
--- !u!1 &2225593947400661844
GameObject:
  m_ObjectHideFlags: 0
  m_CorrespondingSourceObject: {fileID: 0}
  m_PrefabInstance: {fileID: 0}
  m_PrefabAsset: {fileID: 0}
  serializedVersion: 6
  m_Component:
  - component: {fileID: 2230504525654997056}
  m_Layer: 0
  m_Name: PT_Medieval_Right_Hand_Weapon_slot
  m_TagString: Untagged
  m_Icon: {fileID: 0}
  m_NavMeshLayer: 0
  m_StaticEditorFlags: 0
  m_IsActive: 1
--- !u!4 &2230504525654997056
Transform:
  m_ObjectHideFlags: 0
  m_CorrespondingSourceObject: {fileID: 0}
  m_PrefabInstance: {fileID: 0}
  m_PrefabAsset: {fileID: 0}
  m_GameObject: {fileID: 2225593947400661844}
  m_LocalRotation: {x: 0.65023524, y: 0.7249253, z: -0.1828025, w: 0.13513233}
  m_LocalPosition: {x: -0.0193496, y: -0.099109754, z: -0.023399422}
  m_LocalScale: {x: 1, y: 1, z: 1}
  m_Children: []
  m_Father: {fileID: 2230551463579038424}
  m_RootOrder: 0
  m_LocalEulerAnglesHint: {x: 0, y: 0, z: 0}
--- !u!1 &2225614755460991406
GameObject:
  m_ObjectHideFlags: 0
  m_CorrespondingSourceObject: {fileID: 0}
  m_PrefabInstance: {fileID: 0}
  m_PrefabAsset: {fileID: 0}
  serializedVersion: 6
  m_Component:
  - component: {fileID: 2230413316096610924}
  m_Layer: 0
  m_Name: PT_Medieval_RightHandRing3
  m_TagString: Untagged
  m_Icon: {fileID: 0}
  m_NavMeshLayer: 0
  m_StaticEditorFlags: 0
  m_IsActive: 1
--- !u!4 &2230413316096610924
Transform:
  m_ObjectHideFlags: 0
  m_CorrespondingSourceObject: {fileID: 0}
  m_PrefabInstance: {fileID: 0}
  m_PrefabAsset: {fileID: 0}
  m_GameObject: {fileID: 2225614755460991406}
  m_LocalRotation: {x: 0.041252065, y: -2.7479397e-17, z: -1.545716e-17, w: 0.9991488}
  m_LocalPosition: {x: 0.0034183944, y: -0.036755756, z: -0.003168397}
  m_LocalScale: {x: 1, y: 1, z: 1}
  m_Children: []
  m_Father: {fileID: 2227875659537519660}
  m_RootOrder: 0
  m_LocalEulerAnglesHint: {x: 0, y: 0, z: 0}
--- !u!1 &2225621365509434142
GameObject:
  m_ObjectHideFlags: 0
  m_CorrespondingSourceObject: {fileID: 0}
  m_PrefabInstance: {fileID: 0}
  m_PrefabAsset: {fileID: 0}
  serializedVersion: 6
  m_Component:
  - component: {fileID: 2227907879726829706}
  m_Layer: 0
  m_Name: PT_Medieval_LeftHandRing2
  m_TagString: Untagged
  m_Icon: {fileID: 0}
  m_NavMeshLayer: 0
  m_StaticEditorFlags: 0
  m_IsActive: 1
--- !u!4 &2227907879726829706
Transform:
  m_ObjectHideFlags: 0
  m_CorrespondingSourceObject: {fileID: 0}
  m_PrefabInstance: {fileID: 0}
  m_PrefabAsset: {fileID: 0}
  m_GameObject: {fileID: 2225621365509434142}
  m_LocalRotation: {x: 0.047358066, y: -3.943351e-18, z: 1.4458953e-17, w: 0.998878}
  m_LocalPosition: {x: -0.0044584293, y: 0.040057946, z: -0.0016473437}
  m_LocalScale: {x: 1, y: 1, z: 1}
  m_Children:
  - {fileID: 2227846991585874870}
  m_Father: {fileID: 2230790507249729628}
  m_RootOrder: 0
  m_LocalEulerAnglesHint: {x: 0, y: 0, z: 0}
--- !u!1 &2225636110796595314
GameObject:
  m_ObjectHideFlags: 0
  m_CorrespondingSourceObject: {fileID: 0}
  m_PrefabInstance: {fileID: 0}
  m_PrefabAsset: {fileID: 0}
  serializedVersion: 6
  m_Component:
  - component: {fileID: 2227846991585874870}
  m_Layer: 0
  m_Name: PT_Medieval_LeftHandRing3
  m_TagString: Untagged
  m_Icon: {fileID: 0}
  m_NavMeshLayer: 0
  m_StaticEditorFlags: 0
  m_IsActive: 1
--- !u!4 &2227846991585874870
Transform:
  m_ObjectHideFlags: 0
  m_CorrespondingSourceObject: {fileID: 0}
  m_PrefabInstance: {fileID: 0}
  m_PrefabAsset: {fileID: 0}
  m_GameObject: {fileID: 2225636110796595314}
  m_LocalRotation: {x: 0.041252065, y: -2.2899496e-18, z: 1.2594723e-17, w: 0.9991488}
  m_LocalPosition: {x: -0.0034183944, y: 0.036755756, z: 0.003168397}
  m_LocalScale: {x: 1, y: 1, z: 1}
  m_Children: []
  m_Father: {fileID: 2227907879726829706}
  m_RootOrder: 0
  m_LocalEulerAnglesHint: {x: 0, y: 0, z: 0}
--- !u!1 &2225934095132055304
GameObject:
  m_ObjectHideFlags: 0
  m_CorrespondingSourceObject: {fileID: 0}
  m_PrefabInstance: {fileID: 0}
  m_PrefabAsset: {fileID: 0}
  serializedVersion: 6
  m_Component:
  - component: {fileID: 2225934095132055303}
  m_Layer: 0
  m_Name: fallDestination (2)
  m_TagString: Untagged
  m_Icon: {fileID: 0}
  m_NavMeshLayer: 0
  m_StaticEditorFlags: 0
  m_IsActive: 1
--- !u!4 &2225934095132055303
Transform:
  m_ObjectHideFlags: 0
  m_CorrespondingSourceObject: {fileID: 0}
  m_PrefabInstance: {fileID: 0}
  m_PrefabAsset: {fileID: 0}
  m_GameObject: {fileID: 2225934095132055304}
  m_LocalRotation: {x: 0.97570926, y: -0, z: 0.21906973, w: 0}
  m_LocalPosition: {x: -0.03, y: 1.472, z: -0.04}
  m_LocalScale: {x: 0.80000126, y: 0.8000027, z: 0.800002}
  m_Children: []
  m_Father: {fileID: 2227872898824081792}
  m_RootOrder: 2
  m_LocalEulerAnglesHint: {x: 0, y: 0, z: 0}
--- !u!1 &2225934096343682009
GameObject:
  m_ObjectHideFlags: 0
  m_CorrespondingSourceObject: {fileID: 0}
  m_PrefabInstance: {fileID: 0}
  m_PrefabAsset: {fileID: 0}
  serializedVersion: 6
  m_Component:
  - component: {fileID: 2225934096343682008}
  - component: {fileID: 2225934096343682007}
  m_Layer: 0
  m_Name: ExcecutionSword (2)
  m_TagString: Untagged
  m_Icon: {fileID: 0}
  m_NavMeshLayer: 0
  m_StaticEditorFlags: 0
  m_IsActive: 1
--- !u!4 &2225934096343682008
Transform:
  m_ObjectHideFlags: 0
  m_CorrespondingSourceObject: {fileID: 0}
  m_PrefabInstance: {fileID: 0}
  m_PrefabAsset: {fileID: 0}
  m_GameObject: {fileID: 2225934096343682009}
  m_LocalRotation: {x: 0.9757092, y: -0, z: 0.21906981, w: 0}
  m_LocalPosition: {x: -2.8150005, y: 2.8000007, z: -1.491001}
  m_LocalScale: {x: 0.8000013, y: 0.80000323, z: 0.8000024}
  m_Children:
  - {fileID: 2228022879232895224}
  m_Father: {fileID: 2227872898824081792}
  m_RootOrder: 3
  m_LocalEulerAnglesHint: {x: 0, y: 0, z: 0}
--- !u!114 &2225934096343682007
MonoBehaviour:
  m_ObjectHideFlags: 0
  m_CorrespondingSourceObject: {fileID: 0}
  m_PrefabInstance: {fileID: 0}
  m_PrefabAsset: {fileID: 0}
  m_GameObject: {fileID: 2225934096343682009}
  m_Enabled: 1
  m_EditorHideFlags: 0
  m_Script: {fileID: 11500000, guid: 727f8303a1dcbb848a0bfe2d4c492d19, type: 3}
  m_Name: 
  m_EditorClassIdentifier: 
  sword: {fileID: 2224814795453456984}
  pressFText: {fileID: 0}
  fallDestination: {fileID: 2225934095132055303}
  player: {fileID: 0}
  rotateSpeed: 100
  fallSpeed: 40
  demacia: {fileID: 0}
  askForArrestText: {fileID: 0}
--- !u!1 &2226893701986341812
GameObject:
  m_ObjectHideFlags: 0
  m_CorrespondingSourceObject: {fileID: 0}
  m_PrefabInstance: {fileID: 0}
  m_PrefabAsset: {fileID: 0}
  serializedVersion: 6
  m_Component:
  - component: {fileID: 2230501254330968780}
  m_Layer: 0
  m_Name: PT_Medieval_LeftHandThumb1
  m_TagString: Untagged
  m_Icon: {fileID: 0}
  m_NavMeshLayer: 0
  m_StaticEditorFlags: 0
  m_IsActive: 1
--- !u!4 &2230501254330968780
Transform:
  m_ObjectHideFlags: 0
  m_CorrespondingSourceObject: {fileID: 0}
  m_PrefabInstance: {fileID: 0}
  m_PrefabAsset: {fileID: 0}
  m_GameObject: {fileID: 2226893701986341812}
  m_LocalRotation: {x: 0.1668042, y: -0.049394056, z: -0.27960354, w: 0.94422376}
  m_LocalPosition: {x: 0.03964193, y: 0.032029193, z: 0.01762394}
  m_LocalScale: {x: 1, y: 1, z: 1}
  m_Children:
  - {fileID: 2230724377779506584}
  m_Father: {fileID: 2228151569735675198}
  m_RootOrder: 4
  m_LocalEulerAnglesHint: {x: 0, y: 0, z: 0}
--- !u!1 &2226901740198536284
GameObject:
  m_ObjectHideFlags: 0
  m_CorrespondingSourceObject: {fileID: 0}
  m_PrefabInstance: {fileID: 0}
  m_PrefabAsset: {fileID: 0}
  serializedVersion: 6
  m_Component:
  - component: {fileID: 2227762946988566380}
  m_Layer: 0
  m_Name: PT_Medieval_LeftHandPinky3
  m_TagString: Untagged
  m_Icon: {fileID: 0}
  m_NavMeshLayer: 0
  m_StaticEditorFlags: 0
  m_IsActive: 1
--- !u!4 &2227762946988566380
Transform:
  m_ObjectHideFlags: 0
  m_CorrespondingSourceObject: {fileID: 0}
  m_PrefabInstance: {fileID: 0}
  m_PrefabAsset: {fileID: 0}
  m_GameObject: {fileID: 2226901740198536284}
  m_LocalRotation: {x: -0.011456637, y: 1.7489206e-18, z: 3.0094632e-36, w: 0.9999344}
  m_LocalPosition: {x: 0.0017718282, y: 0.024944266, z: -0.0021657655}
  m_LocalScale: {x: 1, y: 1, z: 1}
  m_Children: []
  m_Father: {fileID: 2228020784007596994}
  m_RootOrder: 0
  m_LocalEulerAnglesHint: {x: 0, y: 0, z: 0}
--- !u!1 &2226936396949460736
GameObject:
  m_ObjectHideFlags: 0
  m_CorrespondingSourceObject: {fileID: 0}
  m_PrefabInstance: {fileID: 0}
  m_PrefabAsset: {fileID: 0}
  serializedVersion: 6
  m_Component:
  - component: {fileID: 2230626985251131382}
  m_Layer: 0
  m_Name: PT_Medieval_RightHandPinky3
  m_TagString: Untagged
  m_Icon: {fileID: 0}
  m_NavMeshLayer: 0
  m_StaticEditorFlags: 0
  m_IsActive: 1
--- !u!4 &2230626985251131382
Transform:
  m_ObjectHideFlags: 0
  m_CorrespondingSourceObject: {fileID: 0}
  m_PrefabInstance: {fileID: 0}
  m_PrefabAsset: {fileID: 0}
  m_GameObject: {fileID: 2226936396949460736}
  m_LocalRotation: {x: -0.011456637, y: -1.1129495e-18, z: -7.313668e-18, w: 0.9999344}
  m_LocalPosition: {x: -0.0017718282, y: -0.024944266, z: 0.0021657655}
  m_LocalScale: {x: 1, y: 1, z: 1}
  m_Children: []
  m_Father: {fileID: 2230713271561845624}
  m_RootOrder: 0
  m_LocalEulerAnglesHint: {x: 0, y: 0, z: 0}
--- !u!1 &2226961897869764144
GameObject:
  m_ObjectHideFlags: 0
  m_CorrespondingSourceObject: {fileID: 0}
  m_PrefabInstance: {fileID: 0}
  m_PrefabAsset: {fileID: 0}
  serializedVersion: 6
  m_Component:
  - component: {fileID: 2228142107831272420}
  m_Layer: 0
  m_Name: PT_Medieval_Quiver_slot
  m_TagString: Untagged
  m_Icon: {fileID: 0}
  m_NavMeshLayer: 0
  m_StaticEditorFlags: 0
  m_IsActive: 1
--- !u!4 &2228142107831272420
Transform:
  m_ObjectHideFlags: 0
  m_CorrespondingSourceObject: {fileID: 0}
  m_PrefabInstance: {fileID: 0}
  m_PrefabAsset: {fileID: 0}
  m_GameObject: {fileID: 2226961897869764144}
  m_LocalRotation: {x: 0.003948614, y: 0.00032025026, z: -0.2761965, w: 0.961093}
  m_LocalPosition: {x: 0.06985389, y: -0.007842677, z: -0.17465213}
  m_LocalScale: {x: 1, y: 1, z: 1}
  m_Children: []
  m_Father: {fileID: 2227682828450472542}
  m_RootOrder: 5
  m_LocalEulerAnglesHint: {x: 0, y: 0, z: 0}
--- !u!1 &2226981301111701034
GameObject:
  m_ObjectHideFlags: 0
  m_CorrespondingSourceObject: {fileID: 0}
  m_PrefabInstance: {fileID: 0}
  m_PrefabAsset: {fileID: 0}
  serializedVersion: 6
  m_Component:
  - component: {fileID: 2228023113573323586}
  m_Layer: 0
  m_Name: PT_Medieval_LeftToe
  m_TagString: Untagged
  m_Icon: {fileID: 0}
  m_NavMeshLayer: 0
  m_StaticEditorFlags: 0
  m_IsActive: 1
--- !u!4 &2228023113573323586
Transform:
  m_ObjectHideFlags: 0
  m_CorrespondingSourceObject: {fileID: 0}
  m_PrefabInstance: {fileID: 0}
  m_PrefabAsset: {fileID: 0}
  m_GameObject: {fileID: 2226981301111701034}
  m_LocalRotation: {x: 0.31465903, y: 0.08886059, z: -0.029601518, w: 0.94457257}
  m_LocalPosition: {x: 0.00003137395, y: 0.14365591, z: -0.0111103915}
  m_LocalScale: {x: 1, y: 1, z: 1}
  m_Children: []
  m_Father: {fileID: 2227916117216295792}
  m_RootOrder: 0
  m_LocalEulerAnglesHint: {x: 0, y: 0, z: 0}
--- !u!1 &2226982604979687954
GameObject:
  m_ObjectHideFlags: 0
  m_CorrespondingSourceObject: {fileID: 0}
  m_PrefabInstance: {fileID: 0}
  m_PrefabAsset: {fileID: 0}
  serializedVersion: 6
  m_Component:
  - component: {fileID: 2227827769601676592}
  m_Layer: 0
  m_Name: PT_Medieval_LeftForeArm
  m_TagString: Untagged
  m_Icon: {fileID: 0}
  m_NavMeshLayer: 0
  m_StaticEditorFlags: 0
  m_IsActive: 1
--- !u!4 &2227827769601676592
Transform:
  m_ObjectHideFlags: 0
  m_CorrespondingSourceObject: {fileID: 0}
  m_PrefabInstance: {fileID: 0}
  m_PrefabAsset: {fileID: 0}
  m_GameObject: {fileID: 2226982604979687954}
  m_LocalRotation: {x: -0.1194774, y: 0.004352882, z: -0.036147382, w: 0.99216914}
  m_LocalPosition: {x: -0.0016889535, y: 0.2694025, z: -0.037289083}
  m_LocalScale: {x: 1, y: 1, z: 1}
  m_Children:
  - {fileID: 2230818925944977802}
  - {fileID: 2230689895994636408}
  - {fileID: 2228151569735675198}
  - {fileID: 2227762256820661616}
  - {fileID: 2230753022693505866}
  m_Father: {fileID: 2227719591629483928}
  m_RootOrder: 0
  m_LocalEulerAnglesHint: {x: 0, y: 0, z: 0}
--- !u!1 &2227008177427307772
GameObject:
  m_ObjectHideFlags: 0
  m_CorrespondingSourceObject: {fileID: 0}
  m_PrefabInstance: {fileID: 0}
  m_PrefabAsset: {fileID: 0}
  serializedVersion: 6
  m_Component:
  - component: {fileID: 2227697882570468916}
  m_Layer: 0
  m_Name: PT_Medieval_RightHandPinky1
  m_TagString: Untagged
  m_Icon: {fileID: 0}
  m_NavMeshLayer: 0
  m_StaticEditorFlags: 0
  m_IsActive: 1
--- !u!4 &2227697882570468916
Transform:
  m_ObjectHideFlags: 0
  m_CorrespondingSourceObject: {fileID: 0}
  m_PrefabInstance: {fileID: 0}
  m_PrefabAsset: {fileID: 0}
  m_GameObject: {fileID: 2227008177427307772}
  m_LocalRotation: {x: 0.20583394, y: 0.0075915214, z: 0.036066417, w: 0.97789264}
  m_LocalPosition: {x: 0.042899612, y: -0.094950385, z: 0.0031276178}
  m_LocalScale: {x: 1, y: 1, z: 1}
  m_Children:
  - {fileID: 2230713271561845624}
  m_Father: {fileID: 2230551463579038424}
  m_RootOrder: 3
  m_LocalEulerAnglesHint: {x: 0, y: 0, z: 0}
--- !u!1 &2227026027124690928
GameObject:
  m_ObjectHideFlags: 0
  m_CorrespondingSourceObject: {fileID: 0}
  m_PrefabInstance: {fileID: 0}
  m_PrefabAsset: {fileID: 0}
  serializedVersion: 6
  m_Component:
  - component: {fileID: 2227685035656327840}
  m_Layer: 0
  m_Name: PT_Medieval_LeftCape2
  m_TagString: Untagged
  m_Icon: {fileID: 0}
  m_NavMeshLayer: 0
  m_StaticEditorFlags: 0
  m_IsActive: 1
--- !u!4 &2227685035656327840
Transform:
  m_ObjectHideFlags: 0
  m_CorrespondingSourceObject: {fileID: 0}
  m_PrefabInstance: {fileID: 0}
  m_PrefabAsset: {fileID: 0}
  m_GameObject: {fileID: 2227026027124690928}
  m_LocalRotation: {x: 0, y: -0, z: -0, w: 1}
  m_LocalPosition: {x: 0.00825, y: 0.36404753, z: 0.04708202}
  m_LocalScale: {x: 1, y: 1, z: 1}
  m_Children:
  - {fileID: 2227757767246564142}
  m_Father: {fileID: 2230451354216073152}
  m_RootOrder: 0
  m_LocalEulerAnglesHint: {x: 0, y: 0, z: 0}
--- !u!1001 &2225934095970301022
PrefabInstance:
  m_ObjectHideFlags: 0
  serializedVersion: 2
  m_Modification:
    m_TransformParent: {fileID: 2225934096343682008}
    m_Modifications:
    - target: {fileID: 1189674227078662, guid: ec413a0fd2a940f4d9475a8299d85f9c, type: 3}
      propertyPath: m_Name
      value: MoonSword (1)
      objectReference: {fileID: 0}
    - target: {fileID: 1189674227078662, guid: ec413a0fd2a940f4d9475a8299d85f9c, type: 3}
      propertyPath: m_IsActive
      value: 1
      objectReference: {fileID: 0}
    - target: {fileID: 4393946019257510, guid: ec413a0fd2a940f4d9475a8299d85f9c, type: 3}
      propertyPath: m_LocalPosition.x
      value: 3.94
      objectReference: {fileID: 0}
    - target: {fileID: 4393946019257510, guid: ec413a0fd2a940f4d9475a8299d85f9c, type: 3}
      propertyPath: m_LocalPosition.y
      value: -0.6000001
      objectReference: {fileID: 0}
    - target: {fileID: 4393946019257510, guid: ec413a0fd2a940f4d9475a8299d85f9c, type: 3}
      propertyPath: m_LocalPosition.z
      value: -0.12
      objectReference: {fileID: 0}
    - target: {fileID: 4393946019257510, guid: ec413a0fd2a940f4d9475a8299d85f9c, type: 3}
      propertyPath: m_LocalRotation.x
      value: -0
      objectReference: {fileID: 0}
    - target: {fileID: 4393946019257510, guid: ec413a0fd2a940f4d9475a8299d85f9c, type: 3}
      propertyPath: m_LocalRotation.y
      value: -0
      objectReference: {fileID: 0}
    - target: {fileID: 4393946019257510, guid: ec413a0fd2a940f4d9475a8299d85f9c, type: 3}
      propertyPath: m_LocalRotation.z
      value: -0
      objectReference: {fileID: 0}
    - target: {fileID: 4393946019257510, guid: ec413a0fd2a940f4d9475a8299d85f9c, type: 3}
      propertyPath: m_LocalRotation.w
      value: 1
      objectReference: {fileID: 0}
    - target: {fileID: 4393946019257510, guid: ec413a0fd2a940f4d9475a8299d85f9c, type: 3}
      propertyPath: m_RootOrder
      value: 0
      objectReference: {fileID: 0}
    - target: {fileID: 4393946019257510, guid: ec413a0fd2a940f4d9475a8299d85f9c, type: 3}
      propertyPath: m_LocalEulerAnglesHint.x
      value: 180
      objectReference: {fileID: 0}
    - target: {fileID: 4393946019257510, guid: ec413a0fd2a940f4d9475a8299d85f9c, type: 3}
      propertyPath: m_LocalEulerAnglesHint.y
      value: 0
      objectReference: {fileID: 0}
    - target: {fileID: 4393946019257510, guid: ec413a0fd2a940f4d9475a8299d85f9c, type: 3}
      propertyPath: m_LocalEulerAnglesHint.z
      value: 0
      objectReference: {fileID: 0}
    - target: {fileID: 4393946019257510, guid: ec413a0fd2a940f4d9475a8299d85f9c, type: 3}
      propertyPath: m_LocalScale.x
      value: 1
      objectReference: {fileID: 0}
    - target: {fileID: 4393946019257510, guid: ec413a0fd2a940f4d9475a8299d85f9c, type: 3}
      propertyPath: m_LocalScale.y
      value: 1
      objectReference: {fileID: 0}
    - target: {fileID: 4393946019257510, guid: ec413a0fd2a940f4d9475a8299d85f9c, type: 3}
      propertyPath: m_LocalScale.z
      value: 1
      objectReference: {fileID: 0}
    - target: {fileID: 23276586274284072, guid: ec413a0fd2a940f4d9475a8299d85f9c,
        type: 3}
      propertyPath: m_Enabled
      value: 1
      objectReference: {fileID: 0}
    - target: {fileID: 198886238429930980, guid: ec413a0fd2a940f4d9475a8299d85f9c,
        type: 3}
      propertyPath: InitialModule.startSize.scalar
      value: 5
      objectReference: {fileID: 0}
    - target: {fileID: 198886238429930980, guid: ec413a0fd2a940f4d9475a8299d85f9c,
        type: 3}
      propertyPath: InitialModule.startLifetime.scalar
      value: 3
      objectReference: {fileID: 0}
    - target: {fileID: 198108176975978386, guid: ec413a0fd2a940f4d9475a8299d85f9c,
        type: 3}
      propertyPath: InitialModule.startSize.scalar
      value: 0.5
      objectReference: {fileID: 0}
    - target: {fileID: 198108176975978386, guid: ec413a0fd2a940f4d9475a8299d85f9c,
        type: 3}
      propertyPath: InitialModule.startSpeed.minScalar
      value: 1
      objectReference: {fileID: 0}
    - target: {fileID: 198108176975978386, guid: ec413a0fd2a940f4d9475a8299d85f9c,
        type: 3}
      propertyPath: InitialModule.startSpeed.scalar
      value: 1
      objectReference: {fileID: 0}
    m_RemovedComponents: []
  m_SourcePrefab: {fileID: 100100000, guid: ec413a0fd2a940f4d9475a8299d85f9c, type: 3}
--- !u!1 &2224814795453456984 stripped
GameObject:
  m_CorrespondingSourceObject: {fileID: 1189674227078662, guid: ec413a0fd2a940f4d9475a8299d85f9c,
    type: 3}
  m_PrefabInstance: {fileID: 2225934095970301022}
  m_PrefabAsset: {fileID: 0}
--- !u!4 &2228022879232895224 stripped
Transform:
  m_CorrespondingSourceObject: {fileID: 4393946019257510, guid: ec413a0fd2a940f4d9475a8299d85f9c,
    type: 3}
  m_PrefabInstance: {fileID: 2225934095970301022}
  m_PrefabAsset: {fileID: 0}
