%YAML 1.1
%TAG !u! tag:unity3d.com,2011:
--- !u!54 &8614828718383478706
Rigidbody:
  m_ObjectHideFlags: 0
  m_CorrespondingSourceObject: {fileID: 0}
  m_PrefabInstance: {fileID: 0}
  m_PrefabAsset: {fileID: 0}
  m_GameObject: {fileID: 8613766591988933049}
  serializedVersion: 2
  m_Mass: 1
  m_Drag: 0
  m_AngularDrag: 0.05
  m_UseGravity: 1
  m_IsKinematic: 1
  m_Interpolate: 0
  m_Constraints: 0
  m_CollisionDetection: 0
--- !u!65 &8614828718383478707
BoxCollider:
  m_ObjectHideFlags: 0
  m_CorrespondingSourceObject: {fileID: 0}
  m_PrefabInstance: {fileID: 0}
  m_PrefabAsset: {fileID: 0}
  m_GameObject: {fileID: 8613766591988933049}
  m_Material: {fileID: 0}
  m_IsTrigger: 1
  m_Enabled: 1
  serializedVersion: 2
  m_Size: {x: 0.4266871, y: 1.7367157, z: 0.09593997}
  m_Center: {x: 0.0000011920929, y: 0.66143376, z: 0.0000009667128}
--- !u!114 &8614828718383478716
MonoBehaviour:
  m_ObjectHideFlags: 0
  m_CorrespondingSourceObject: {fileID: 0}
  m_PrefabInstance: {fileID: 0}
  m_PrefabAsset: {fileID: 0}
  m_GameObject: {fileID: 8613766591988933049}
  m_Enabled: 1
  m_EditorHideFlags: 0
  m_Script: {fileID: 11500000, guid: a398b9dd7821bf74b906c87fc2f73ea4, type: 3}
  m_Name: 
  m_EditorClassIdentifier: 
  youLost: {fileID: 0}
  menu: {fileID: 0}
  mage: {fileID: 8614828717778538936}
--- !u!1 &8614828717778538504
GameObject:
  m_ObjectHideFlags: 0
  m_CorrespondingSourceObject: {fileID: 0}
  m_PrefabInstance: {fileID: 0}
  m_PrefabAsset: {fileID: 0}
  serializedVersion: 6
  m_Component:
  - component: {fileID: 8614828717778242664}
  m_Layer: 0
  m_Name: PT_Medieval_Female_Spine2
  m_TagString: Untagged
  m_Icon: {fileID: 0}
  m_NavMeshLayer: 0
  m_StaticEditorFlags: 0
  m_IsActive: 1
--- !u!4 &8614828717778242664
Transform:
  m_ObjectHideFlags: 0
  m_CorrespondingSourceObject: {fileID: 0}
  m_PrefabInstance: {fileID: 0}
  m_PrefabAsset: {fileID: 0}
  m_GameObject: {fileID: 8614828717778538504}
  m_LocalRotation: {x: 0, y: -0, z: -0, w: 1}
  m_LocalPosition: {x: -0, y: 0.117735796, z: -0.003096688}
  m_LocalScale: {x: 1, y: 1, z: 1}
  m_Children:
  - {fileID: 8614828717778242666}
  m_Father: {fileID: 8614828717778242670}
  m_RootOrder: 0
  m_LocalEulerAnglesHint: {x: 0, y: 0, z: 0}
--- !u!1 &8614828717778538506
GameObject:
  m_ObjectHideFlags: 0
  m_CorrespondingSourceObject: {fileID: 0}
  m_PrefabInstance: {fileID: 0}
  m_PrefabAsset: {fileID: 0}
  serializedVersion: 6
  m_Component:
  - component: {fileID: 8614828717778242666}
  m_Layer: 0
  m_Name: PT_Medieval_Female_Spine3
  m_TagString: Untagged
  m_Icon: {fileID: 0}
  m_NavMeshLayer: 0
  m_StaticEditorFlags: 0
  m_IsActive: 1
--- !u!4 &8614828717778242666
Transform:
  m_ObjectHideFlags: 0
  m_CorrespondingSourceObject: {fileID: 0}
  m_PrefabInstance: {fileID: 0}
  m_PrefabAsset: {fileID: 0}
  m_GameObject: {fileID: 8614828717778538506}
  m_LocalRotation: {x: 0, y: -0, z: -0, w: 1}
  m_LocalPosition: {x: -0, y: 0.0919023, z: -0.012949092}
  m_LocalScale: {x: 1, y: 1, z: 1}
  m_Children:
  - {fileID: 8614828717778243022}
  - {fileID: 8614828717778242954}
  - {fileID: 8614828717778242944}
  - {fileID: 8614828717778242946}
  - {fileID: 8614828717778242972}
  - {fileID: 8614828717778242970}
  - {fileID: 8614828717778242644}
  m_Father: {fileID: 8614828717778242664}
  m_RootOrder: 0
  m_LocalEulerAnglesHint: {x: 0, y: 0, z: 0}
--- !u!1 &8614828717778538508
GameObject:
  m_ObjectHideFlags: 0
  m_CorrespondingSourceObject: {fileID: 0}
  m_PrefabInstance: {fileID: 0}
  m_PrefabAsset: {fileID: 0}
  serializedVersion: 6
  m_Component:
  - component: {fileID: 8614828717778242668}
  m_Layer: 0
  m_Name: PT_Medieval_Female_Second_Weapon_slot1
  m_TagString: Untagged
  m_Icon: {fileID: 0}
  m_NavMeshLayer: 0
  m_StaticEditorFlags: 0
  m_IsActive: 1
--- !u!4 &8614828717778242668
Transform:
  m_ObjectHideFlags: 0
  m_CorrespondingSourceObject: {fileID: 0}
  m_PrefabInstance: {fileID: 0}
  m_PrefabAsset: {fileID: 0}
  m_GameObject: {fileID: 8614828717778538508}
  m_LocalRotation: {x: 0.896631, y: 0.15798475, z: 0.41029167, w: 0.052482314}
  m_LocalPosition: {x: 0.03357739, y: 0.030010557, z: -0.09521139}
  m_LocalScale: {x: 1, y: 1, z: 1}
  m_Children: []
  m_Father: {fileID: 8614828717778242950}
  m_RootOrder: 3
  m_LocalEulerAnglesHint: {x: 0, y: 0, z: 0}
--- !u!1 &8614828717778538510
GameObject:
  m_ObjectHideFlags: 0
  m_CorrespondingSourceObject: {fileID: 0}
  m_PrefabInstance: {fileID: 0}
  m_PrefabAsset: {fileID: 0}
  serializedVersion: 6
  m_Component:
  - component: {fileID: 8614828717778242670}
  m_Layer: 0
  m_Name: PT_Medieval_Female_Spine
  m_TagString: Untagged
  m_Icon: {fileID: 0}
  m_NavMeshLayer: 0
  m_StaticEditorFlags: 0
  m_IsActive: 1
--- !u!4 &8614828717778242670
Transform:
  m_ObjectHideFlags: 0
  m_CorrespondingSourceObject: {fileID: 0}
  m_PrefabInstance: {fileID: 0}
  m_PrefabAsset: {fileID: 0}
  m_GameObject: {fileID: 8614828717778538510}
  m_LocalRotation: {x: -0.054553226, y: 0, z: -0, w: 0.9985109}
  m_LocalPosition: {x: -0, y: 0.083521955, z: -0.0072031203}
  m_LocalScale: {x: 1, y: 1, z: 1}
  m_Children:
  - {fileID: 8614828717778242664}
  m_Father: {fileID: 8614828717778243014}
  m_RootOrder: 2
  m_LocalEulerAnglesHint: {x: 0, y: 0, z: 0}
--- !u!1 &8614828717778538560
GameObject:
  m_ObjectHideFlags: 0
  m_CorrespondingSourceObject: {fileID: 0}
  m_PrefabInstance: {fileID: 0}
  m_PrefabAsset: {fileID: 0}
  serializedVersion: 6
  m_Component:
  - component: {fileID: 8614828717778242976}
  m_Layer: 0
  m_Name: PT_Medieval_Female_RightCape2
  m_TagString: Untagged
  m_Icon: {fileID: 0}
  m_NavMeshLayer: 0
  m_StaticEditorFlags: 0
  m_IsActive: 1
--- !u!4 &8614828717778242976
Transform:
  m_ObjectHideFlags: 0
  m_CorrespondingSourceObject: {fileID: 0}
  m_PrefabInstance: {fileID: 0}
  m_PrefabAsset: {fileID: 0}
  m_GameObject: {fileID: 8614828717778538560}
  m_LocalRotation: {x: 0, y: -0, z: -0, w: 1}
  m_LocalPosition: {x: -0.008249855, y: -0.36404067, z: -0.047081027}
  m_LocalScale: {x: 1, y: 1, z: 1}
  m_Children:
  - {fileID: 8614828717778242978}
  m_Father: {fileID: 8614828717778242982}
  m_RootOrder: 0
  m_LocalEulerAnglesHint: {x: 0, y: 0, z: 0}
--- !u!1 &8614828717778538562
GameObject:
  m_ObjectHideFlags: 0
  m_CorrespondingSourceObject: {fileID: 0}
  m_PrefabInstance: {fileID: 0}
  m_PrefabAsset: {fileID: 0}
  serializedVersion: 6
  m_Component:
  - component: {fileID: 8614828717778242978}
  m_Layer: 0
  m_Name: PT_Medieval_Female_RightCape3
  m_TagString: Untagged
  m_Icon: {fileID: 0}
  m_NavMeshLayer: 0
  m_StaticEditorFlags: 0
  m_IsActive: 1
--- !u!4 &8614828717778242978
Transform:
  m_ObjectHideFlags: 0
  m_CorrespondingSourceObject: {fileID: 0}
  m_PrefabInstance: {fileID: 0}
  m_PrefabAsset: {fileID: 0}
  m_GameObject: {fileID: 8614828717778538562}
  m_LocalRotation: {x: 0, y: -0, z: -0, w: 1}
  m_LocalPosition: {x: 0.005683145, y: -0.35933653, z: -0.0360173}
  m_LocalScale: {x: 1, y: 1, z: 1}
  m_Children:
  - {fileID: 8614828717778243004}
  m_Father: {fileID: 8614828717778242976}
  m_RootOrder: 0
  m_LocalEulerAnglesHint: {x: 0, y: 0, z: 0}
--- !u!1 &8614828717778538564
GameObject:
  m_ObjectHideFlags: 0
  m_CorrespondingSourceObject: {fileID: 0}
  m_PrefabInstance: {fileID: 0}
  m_PrefabAsset: {fileID: 0}
  serializedVersion: 6
  m_Component:
  - component: {fileID: 8614828717778242980}
  m_Layer: 0
  m_Name: PT_Medieval_Female_RightBackCloth2
  m_TagString: Untagged
  m_Icon: {fileID: 0}
  m_NavMeshLayer: 0
  m_StaticEditorFlags: 0
  m_IsActive: 1
--- !u!4 &8614828717778242980
Transform:
  m_ObjectHideFlags: 0
  m_CorrespondingSourceObject: {fileID: 0}
  m_PrefabInstance: {fileID: 0}
  m_PrefabAsset: {fileID: 0}
  m_GameObject: {fileID: 8614828717778538564}
  m_LocalRotation: {x: 0, y: -0, z: -0, w: 1}
  m_LocalPosition: {x: 0.00057459995, y: -0.16590753, z: -0.00854}
  m_LocalScale: {x: 1, y: 1, z: 1}
  m_Children:
  - {fileID: 8614828717778242966}
  m_Father: {fileID: 8614828717778242964}
  m_RootOrder: 0
  m_LocalEulerAnglesHint: {x: 0, y: 0, z: 0}
--- !u!1 &8614828717778538566
GameObject:
  m_ObjectHideFlags: 0
  m_CorrespondingSourceObject: {fileID: 0}
  m_PrefabInstance: {fileID: 0}
  m_PrefabAsset: {fileID: 0}
  serializedVersion: 6
  m_Component:
  - component: {fileID: 8614828717778242982}
  m_Layer: 0
  m_Name: PT_Medieval_Female_RightCape
  m_TagString: Untagged
  m_Icon: {fileID: 0}
  m_NavMeshLayer: 0
  m_StaticEditorFlags: 0
  m_IsActive: 1
--- !u!4 &8614828717778242982
Transform:
  m_ObjectHideFlags: 0
  m_CorrespondingSourceObject: {fileID: 0}
  m_PrefabInstance: {fileID: 0}
  m_PrefabAsset: {fileID: 0}
  m_GameObject: {fileID: 8614828717778538566}
  m_LocalRotation: {x: 0, y: -0, z: -0, w: 1}
  m_LocalPosition: {x: 0.11145995, y: -0.002071487, z: 0.000051762225}
  m_LocalScale: {x: 1, y: 1, z: 1}
  m_Children:
  - {fileID: 8614828717778242976}
  m_Father: {fileID: 8614828717778243022}
  m_RootOrder: 1
  m_LocalEulerAnglesHint: {x: 0, y: 0, z: 0}
--- !u!1 &8614828717778538568
GameObject:
  m_ObjectHideFlags: 0
  m_CorrespondingSourceObject: {fileID: 0}
  m_PrefabInstance: {fileID: 0}
  m_PrefabAsset: {fileID: 0}
  serializedVersion: 6
  m_Component:
  - component: {fileID: 8614828717778242984}
  m_Layer: 0
  m_Name: PT_Medieval_Female_Right_Hand_Weapon_slot1
  m_TagString: Untagged
  m_Icon: {fileID: 0}
  m_NavMeshLayer: 0
  m_StaticEditorFlags: 0
  m_IsActive: 1
--- !u!4 &8614828717778242984
Transform:
  m_ObjectHideFlags: 0
  m_CorrespondingSourceObject: {fileID: 0}
  m_PrefabInstance: {fileID: 0}
  m_PrefabAsset: {fileID: 0}
  m_GameObject: {fileID: 8614828717778538568}
  m_LocalRotation: {x: 0.65023524, y: 0.7249253, z: -0.1828025, w: 0.13513233}
  m_LocalPosition: {x: 0.019349394, y: 0.09910891, z: 0.023400152}
  m_LocalScale: {x: 1, y: 1, z: 1}
  m_Children: []
  m_Father: {fileID: 8614828717778243050}
  m_RootOrder: 5
  m_LocalEulerAnglesHint: {x: 0, y: 0, z: 0}
--- !u!1 &8614828717778538570
GameObject:
  m_ObjectHideFlags: 0
  m_CorrespondingSourceObject: {fileID: 0}
  m_PrefabInstance: {fileID: 0}
  m_PrefabAsset: {fileID: 0}
  serializedVersion: 6
  m_Component:
  - component: {fileID: 8614828717778242986}
  m_Layer: 0
  m_Name: PT_Medieval_Female_RightArm
  m_TagString: Untagged
  m_Icon: {fileID: 0}
  m_NavMeshLayer: 0
  m_StaticEditorFlags: 0
  m_IsActive: 1
--- !u!4 &8614828717778242986
Transform:
  m_ObjectHideFlags: 0
  m_CorrespondingSourceObject: {fileID: 0}
  m_PrefabInstance: {fileID: 0}
  m_PrefabAsset: {fileID: 0}
  m_GameObject: {fileID: 8614828717778538570}
  m_LocalRotation: {x: 0.5395768, y: 0.013331262, z: 0.062378697, w: 0.8395165}
  m_LocalPosition: {x: -0.014263177, y: -0.1038227, z: 0.039726384}
  m_LocalScale: {x: 1, y: 1, z: 1}
  m_Children:
  - {fileID: 8614828717778243000}
  m_Father: {fileID: 8614828717778242644}
  m_RootOrder: 0
  m_LocalEulerAnglesHint: {x: 64.73, y: 12.13, z: 16.203001}
--- !u!1 &8614828717778538572
GameObject:
  m_ObjectHideFlags: 0
  m_CorrespondingSourceObject: {fileID: 0}
  m_PrefabInstance: {fileID: 0}
  m_PrefabAsset: {fileID: 0}
  serializedVersion: 6
  m_Component:
  - component: {fileID: 8614828717778242988}
  m_Layer: 0
  m_Name: PT_Medieval_Female_Right_FrontCloth3
  m_TagString: Untagged
  m_Icon: {fileID: 0}
  m_NavMeshLayer: 0
  m_StaticEditorFlags: 0
  m_IsActive: 1
--- !u!4 &8614828717778242988
Transform:
  m_ObjectHideFlags: 0
  m_CorrespondingSourceObject: {fileID: 0}
  m_PrefabInstance: {fileID: 0}
  m_PrefabAsset: {fileID: 0}
  m_GameObject: {fileID: 8614828717778538572}
  m_LocalRotation: {x: 0, y: -0, z: -0, w: 1}
  m_LocalPosition: {x: 1.4210854e-16, y: 0.216409, z: -0.004068}
  m_LocalScale: {x: 1, y: 1, z: 1}
  m_Children: []
  m_Father: {fileID: 8614828717778242962}
  m_RootOrder: 0
  m_LocalEulerAnglesHint: {x: 0, y: 0, z: 0}
--- !u!1 &8614828717778538574
GameObject:
  m_ObjectHideFlags: 0
  m_CorrespondingSourceObject: {fileID: 0}
  m_PrefabInstance: {fileID: 0}
  m_PrefabAsset: {fileID: 0}
  serializedVersion: 6
  m_Component:
  - component: {fileID: 8614828717778242990}
  m_Layer: 0
  m_Name: PT_Medieval_Female_Right_Hand_Weapon_slot
  m_TagString: Untagged
  m_Icon: {fileID: 0}
  m_NavMeshLayer: 0
  m_StaticEditorFlags: 0
  m_IsActive: 1
--- !u!4 &8614828717778242990
Transform:
  m_ObjectHideFlags: 0
  m_CorrespondingSourceObject: {fileID: 0}
  m_PrefabInstance: {fileID: 0}
  m_PrefabAsset: {fileID: 0}
  m_GameObject: {fileID: 8614828717778538574}
  m_LocalRotation: {x: 0.65023524, y: 0.7249253, z: -0.1828025, w: 0.13513233}
  m_LocalPosition: {x: -0.0193496, y: -0.099109754, z: -0.023399422}
  m_LocalScale: {x: 1, y: 1, z: 1}
  m_Children: []
  m_Father: {fileID: 8614828717778243002}
  m_RootOrder: 0
  m_LocalEulerAnglesHint: {x: 0, y: 0, z: 0}
--- !u!1 &8614828717778538576
GameObject:
  m_ObjectHideFlags: 0
  m_CorrespondingSourceObject: {fileID: 0}
  m_PrefabInstance: {fileID: 0}
  m_PrefabAsset: {fileID: 0}
  serializedVersion: 6
  m_Component:
  - component: {fileID: 8614828717778242992}
  m_Layer: 0
  m_Name: PT_Medieval_Female_RightHandIndex3
  m_TagString: Untagged
  m_Icon: {fileID: 0}
  m_NavMeshLayer: 0
  m_StaticEditorFlags: 0
  m_IsActive: 1
--- !u!4 &8614828717778242992
Transform:
  m_ObjectHideFlags: 0
  m_CorrespondingSourceObject: {fileID: 0}
  m_PrefabInstance: {fileID: 0}
  m_PrefabAsset: {fileID: 0}
  m_GameObject: {fileID: 8614828717778538576}
  m_LocalRotation: {x: 0.16408321, y: -4.554224e-18, z: -5.4650688e-17, w: 0.9864465}
  m_LocalPosition: {x: 0.0042494307, y: -0.037040103, z: -0.0017834253}
  m_LocalScale: {x: 1, y: 1, z: 1}
  m_Children: []
  m_Father: {fileID: 8614828717778242998}
  m_RootOrder: 0
  m_LocalEulerAnglesHint: {x: 0, y: 0, z: 0}
--- !u!1 &8614828717778538578
GameObject:
  m_ObjectHideFlags: 0
  m_CorrespondingSourceObject: {fileID: 0}
  m_PrefabInstance: {fileID: 0}
  m_PrefabAsset: {fileID: 0}
  serializedVersion: 6
  m_Component:
  - component: {fileID: 8614828717778242994}
  m_Layer: 0
  m_Name: PT_Medieval_Female_RightHandMiddle1
  m_TagString: Untagged
  m_Icon: {fileID: 0}
  m_NavMeshLayer: 0
  m_StaticEditorFlags: 0
  m_IsActive: 1
--- !u!4 &8614828717778242994
Transform:
  m_ObjectHideFlags: 0
  m_CorrespondingSourceObject: {fileID: 0}
  m_PrefabInstance: {fileID: 0}
  m_PrefabAsset: {fileID: 0}
  m_GameObject: {fileID: 8614828717778538578}
  m_LocalRotation: {x: 0.07121196, y: -0.0049869064, z: -0.069679745, w: 0.9950119}
  m_LocalPosition: {x: -0.014640596, y: -0.09471895, z: 0.018279115}
  m_LocalScale: {x: 1, y: 1, z: 1}
  m_Children:
  - {fileID: 8614828717778242636}
  m_Father: {fileID: 8614828717778243002}
  m_RootOrder: 2
  m_LocalEulerAnglesHint: {x: 0, y: 0, z: 0}
--- !u!1 &8614828717778538580
GameObject:
  m_ObjectHideFlags: 0
  m_CorrespondingSourceObject: {fileID: 0}
  m_PrefabInstance: {fileID: 0}
  m_PrefabAsset: {fileID: 0}
  serializedVersion: 6
  m_Component:
  - component: {fileID: 8614828717778242996}
  m_Layer: 0
  m_Name: PT_Medieval_Female_RightHandIndex1
  m_TagString: Untagged
  m_Icon: {fileID: 0}
  m_NavMeshLayer: 0
  m_StaticEditorFlags: 0
  m_IsActive: 1
--- !u!4 &8614828717778242996
Transform:
  m_ObjectHideFlags: 0
  m_CorrespondingSourceObject: {fileID: 0}
  m_PrefabInstance: {fileID: 0}
  m_PrefabAsset: {fileID: 0}
  m_GameObject: {fileID: 8614828717778538580}
  m_LocalRotation: {x: 0.055548213, y: -0.0029377441, z: -0.052730806, w: 0.99705833}
  m_LocalPosition: {x: -0.042904295, y: -0.09182571, z: 0.011948668}
  m_LocalScale: {x: 1, y: 1, z: 1}
  m_Children:
  - {fileID: 8614828717778242998}
  m_Father: {fileID: 8614828717778243002}
  m_RootOrder: 1
  m_LocalEulerAnglesHint: {x: 0, y: 0, z: 0}
--- !u!1 &8614828717778538582
GameObject:
  m_ObjectHideFlags: 0
  m_CorrespondingSourceObject: {fileID: 0}
  m_PrefabInstance: {fileID: 0}
  m_PrefabAsset: {fileID: 0}
  serializedVersion: 6
  m_Component:
  - component: {fileID: 8614828717778242998}
  m_Layer: 0
  m_Name: PT_Medieval_Female_RightHandIndex2
  m_TagString: Untagged
  m_Icon: {fileID: 0}
  m_NavMeshLayer: 0
  m_StaticEditorFlags: 0
  m_IsActive: 1
--- !u!4 &8614828717778242998
Transform:
  m_ObjectHideFlags: 0
  m_CorrespondingSourceObject: {fileID: 0}
  m_PrefabInstance: {fileID: 0}
  m_PrefabAsset: {fileID: 0}
  m_GameObject: {fileID: 8614828717778538582}
  m_LocalRotation: {x: 0.09512609, y: 1.3201397e-18, z: -2.9043072e-17, w: 0.9954652}
  m_LocalPosition: {x: 0.00075269357, y: -0.04590516, z: -0.006328568}
  m_LocalScale: {x: 1, y: 1, z: 1}
  m_Children:
  - {fileID: 8614828717778242992}
  m_Father: {fileID: 8614828717778242996}
  m_RootOrder: 0
  m_LocalEulerAnglesHint: {x: 0, y: 0, z: 0}
--- !u!1 &8614828717778538584
GameObject:
  m_ObjectHideFlags: 0
  m_CorrespondingSourceObject: {fileID: 0}
  m_PrefabInstance: {fileID: 0}
  m_PrefabAsset: {fileID: 0}
  serializedVersion: 6
  m_Component:
  - component: {fileID: 8614828717778243000}
  m_Layer: 0
  m_Name: PT_Medieval_Female_RightForeArm
  m_TagString: Untagged
  m_Icon: {fileID: 0}
  m_NavMeshLayer: 0
  m_StaticEditorFlags: 0
  m_IsActive: 1
--- !u!4 &8614828717778243000
Transform:
  m_ObjectHideFlags: 0
  m_CorrespondingSourceObject: {fileID: 0}
  m_PrefabInstance: {fileID: 0}
  m_PrefabAsset: {fileID: 0}
  m_GameObject: {fileID: 8614828717778538584}
  m_LocalRotation: {x: -0.1194774, y: 0.004352882, z: -0.036147382, w: 0.99216914}
  m_LocalPosition: {x: 0.00016560794, y: -0.2521599, z: 0.013139509}
  m_LocalScale: {x: 1, y: 1, z: 1}
  m_Children:
  - {fileID: 8614828717778243002}
  m_Father: {fileID: 8614828717778242986}
  m_RootOrder: 0
  m_LocalEulerAnglesHint: {x: 0, y: 0, z: 0}
--- !u!1 &8614828717778538586
GameObject:
  m_ObjectHideFlags: 0
  m_CorrespondingSourceObject: {fileID: 0}
  m_PrefabInstance: {fileID: 0}
  m_PrefabAsset: {fileID: 0}
  serializedVersion: 6
  m_Component:
  - component: {fileID: 8614828717778243002}
  m_Layer: 0
  m_Name: PT_Medieval_Female_RightHand
  m_TagString: Untagged
  m_Icon: {fileID: 0}
  m_NavMeshLayer: 0
  m_StaticEditorFlags: 0
  m_IsActive: 1
--- !u!4 &8614828717778243002
Transform:
  m_ObjectHideFlags: 0
  m_CorrespondingSourceObject: {fileID: 0}
  m_PrefabInstance: {fileID: 0}
  m_PrefabAsset: {fileID: 0}
  m_GameObject: {fileID: 8614828717778538586}
  m_LocalRotation: {x: 0.023698647, y: 0.023616062, z: 0.047987882, w: 0.99828744}
  m_LocalPosition: {x: -0.009855698, y: -0.25892338, z: -0.017022353}
  m_LocalScale: {x: 1, y: 1, z: 1}
  m_Children:
  - {fileID: 8614828717778242990}
  - {fileID: 8614828717778242996}
  - {fileID: 8614828717778242994}
  - {fileID: 8614828717778242632}
  - {fileID: 8614828717778242630}
  - {fileID: 8614828717778242652}
  m_Father: {fileID: 8614828717778243000}
  m_RootOrder: 0
  m_LocalEulerAnglesHint: {x: 0, y: 0, z: 0}
--- !u!1 &8614828717778538588
GameObject:
  m_ObjectHideFlags: 0
  m_CorrespondingSourceObject: {fileID: 0}
  m_PrefabInstance: {fileID: 0}
  m_PrefabAsset: {fileID: 0}
  serializedVersion: 6
  m_Component:
  - component: {fileID: 8614828717778243004}
  m_Layer: 0
  m_Name: PT_Medieval_Female_RightCape4
  m_TagString: Untagged
  m_Icon: {fileID: 0}
  m_NavMeshLayer: 0
  m_StaticEditorFlags: 0
  m_IsActive: 1
--- !u!4 &8614828717778243004
Transform:
  m_ObjectHideFlags: 0
  m_CorrespondingSourceObject: {fileID: 0}
  m_PrefabInstance: {fileID: 0}
  m_PrefabAsset: {fileID: 0}
  m_GameObject: {fileID: 8614828717778538588}
  m_LocalRotation: {x: 0, y: -0, z: -0, w: 1}
  m_LocalPosition: {x: -0.0011662522, y: -0.32133368, z: -0.037259296}
  m_LocalScale: {x: 1, y: 1, z: 1}
  m_Children: []
  m_Father: {fileID: 8614828717778242978}
  m_RootOrder: 0
  m_LocalEulerAnglesHint: {x: 0, y: 0, z: 0}
--- !u!1 &8614828717778538590
GameObject:
  m_ObjectHideFlags: 0
  m_CorrespondingSourceObject: {fileID: 0}
  m_PrefabInstance: {fileID: 0}
  m_PrefabAsset: {fileID: 0}
  serializedVersion: 6
  m_Component:
  - component: {fileID: 8614828717778243006}
  m_Layer: 0
  m_Name: PT_Medieval_Female_RightFoot
  m_TagString: Untagged
  m_Icon: {fileID: 0}
  m_NavMeshLayer: 0
  m_StaticEditorFlags: 0
  m_IsActive: 1
--- !u!4 &8614828717778243006
Transform:
  m_ObjectHideFlags: 0
  m_CorrespondingSourceObject: {fileID: 0}
  m_PrefabInstance: {fileID: 0}
  m_PrefabAsset: {fileID: 0}
  m_GameObject: {fileID: 8614828717778538590}
  m_LocalRotation: {x: 0.4818592, y: -0.0007733488, z: 0.0004252736, w: 0.87624824}
  m_LocalPosition: {x: 0.000118862605, y: 0.39947334, z: -0.0057157427}
  m_LocalScale: {x: 1, y: 1, z: 1}
  m_Children:
  - {fileID: 8614828717778242646}
  m_Father: {fileID: 8614828717778242650}
  m_RootOrder: 0
  m_LocalEulerAnglesHint: {x: 0, y: 0, z: 0}
--- !u!1 &8614828717778538592
GameObject:
  m_ObjectHideFlags: 0
  m_CorrespondingSourceObject: {fileID: 0}
  m_PrefabInstance: {fileID: 0}
  m_PrefabAsset: {fileID: 0}
  serializedVersion: 6
  m_Component:
  - component: {fileID: 8614828717778242624}
  m_Layer: 0
  m_Name: PT_Medieval_Female_RightHandRing2
  m_TagString: Untagged
  m_Icon: {fileID: 0}
  m_NavMeshLayer: 0
  m_StaticEditorFlags: 0
  m_IsActive: 1
--- !u!4 &8614828717778242624
Transform:
  m_ObjectHideFlags: 0
  m_CorrespondingSourceObject: {fileID: 0}
  m_PrefabInstance: {fileID: 0}
  m_PrefabAsset: {fileID: 0}
  m_GameObject: {fileID: 8614828717778538592}
  m_LocalRotation: {x: 0.047358066, y: -2.7603457e-17, z: -1.8402305e-17, w: 0.998878}
  m_LocalPosition: {x: 0.0047985613, y: -0.0433288, z: 0.0012245617}
  m_LocalScale: {x: 1, y: 1, z: 1}
  m_Children:
  - {fileID: 8614828717778242626}
  m_Father: {fileID: 8614828717778242630}
  m_RootOrder: 0
  m_LocalEulerAnglesHint: {x: 0, y: 0, z: 0}
--- !u!1 &8614828717778538594
GameObject:
  m_ObjectHideFlags: 0
  m_CorrespondingSourceObject: {fileID: 0}
  m_PrefabInstance: {fileID: 0}
  m_PrefabAsset: {fileID: 0}
  serializedVersion: 6
  m_Component:
  - component: {fileID: 8614828717778242626}
  m_Layer: 0
  m_Name: PT_Medieval_Female_RightHandRing3
  m_TagString: Untagged
  m_Icon: {fileID: 0}
  m_NavMeshLayer: 0
  m_StaticEditorFlags: 0
  m_IsActive: 1
--- !u!4 &8614828717778242626
Transform:
  m_ObjectHideFlags: 0
  m_CorrespondingSourceObject: {fileID: 0}
  m_PrefabInstance: {fileID: 0}
  m_PrefabAsset: {fileID: 0}
  m_GameObject: {fileID: 8614828717778538594}
  m_LocalRotation: {x: 0.041252065, y: -2.7479397e-17, z: -1.545716e-17, w: 0.9991488}
  m_LocalPosition: {x: 0.00281338, y: -0.04038898, z: 0.00015707203}
  m_LocalScale: {x: 1, y: 1, z: 1}
  m_Children: []
  m_Father: {fileID: 8614828717778242624}
  m_RootOrder: 0
  m_LocalEulerAnglesHint: {x: 0, y: 0, z: 0}
--- !u!1 &8614828717778538596
GameObject:
  m_ObjectHideFlags: 0
  m_CorrespondingSourceObject: {fileID: 0}
  m_PrefabInstance: {fileID: 0}
  m_PrefabAsset: {fileID: 0}
  serializedVersion: 6
  m_Component:
  - component: {fileID: 8614828717778242628}
  m_Layer: 0
  m_Name: PT_Medieval_Female_RightHandPinky3
  m_TagString: Untagged
  m_Icon: {fileID: 0}
  m_NavMeshLayer: 0
  m_StaticEditorFlags: 0
  m_IsActive: 1
--- !u!4 &8614828717778242628
Transform:
  m_ObjectHideFlags: 0
  m_CorrespondingSourceObject: {fileID: 0}
  m_PrefabInstance: {fileID: 0}
  m_PrefabAsset: {fileID: 0}
  m_GameObject: {fileID: 8614828717778538596}
  m_LocalRotation: {x: -0.011456637, y: -1.1129495e-18, z: -7.313668e-18, w: 0.9999344}
  m_LocalPosition: {x: -0.0020237186, y: -0.025140874, z: -0.005530386}
  m_LocalScale: {x: 1, y: 1, z: 1}
  m_Children: []
  m_Father: {fileID: 8614828717778242634}
  m_RootOrder: 0
  m_LocalEulerAnglesHint: {x: 0, y: 0, z: 0}
--- !u!1 &8614828717778538598
GameObject:
  m_ObjectHideFlags: 0
  m_CorrespondingSourceObject: {fileID: 0}
  m_PrefabInstance: {fileID: 0}
  m_PrefabAsset: {fileID: 0}
  serializedVersion: 6
  m_Component:
  - component: {fileID: 8614828717778242630}
  m_Layer: 0
  m_Name: PT_Medieval_Female_RightHandRing1
  m_TagString: Untagged
  m_Icon: {fileID: 0}
  m_NavMeshLayer: 0
  m_StaticEditorFlags: 0
  m_IsActive: 1
--- !u!4 &8614828717778242630
Transform:
  m_ObjectHideFlags: 0
  m_CorrespondingSourceObject: {fileID: 0}
  m_PrefabInstance: {fileID: 0}
  m_PrefabAsset: {fileID: 0}
  m_GameObject: {fileID: 8614828717778538598}
  m_LocalRotation: {x: 0.1255726, y: -0.009746214, z: -0.076765224, w: 0.989062}
  m_LocalPosition: {x: 0.01213978, y: -0.09096841, z: 0.015327114}
  m_LocalScale: {x: 1, y: 1, z: 1}
  m_Children:
  - {fileID: 8614828717778242624}
  m_Father: {fileID: 8614828717778243002}
  m_RootOrder: 4
  m_LocalEulerAnglesHint: {x: 0, y: 0, z: 0}
--- !u!1 &8614828717778538600
GameObject:
  m_ObjectHideFlags: 0
  m_CorrespondingSourceObject: {fileID: 0}
  m_PrefabInstance: {fileID: 0}
  m_PrefabAsset: {fileID: 0}
  serializedVersion: 6
  m_Component:
  - component: {fileID: 8614828717778242632}
  m_Layer: 0
  m_Name: PT_Medieval_Female_RightHandPinky1
  m_TagString: Untagged
  m_Icon: {fileID: 0}
  m_NavMeshLayer: 0
  m_StaticEditorFlags: 0
  m_IsActive: 1
--- !u!4 &8614828717778242632
Transform:
  m_ObjectHideFlags: 0
  m_CorrespondingSourceObject: {fileID: 0}
  m_PrefabInstance: {fileID: 0}
  m_PrefabAsset: {fileID: 0}
  m_GameObject: {fileID: 8614828717778538600}
  m_LocalRotation: {x: 0.20583394, y: 0.0075915214, z: 0.036066417, w: 0.97789264}
  m_LocalPosition: {x: 0.031323537, y: -0.08897784, z: 0.010727802}
  m_LocalScale: {x: 1, y: 1, z: 1}
  m_Children:
  - {fileID: 8614828717778242634}
  m_Father: {fileID: 8614828717778243002}
  m_RootOrder: 3
  m_LocalEulerAnglesHint: {x: 0, y: 0, z: 0}
--- !u!1 &8614828717778538602
GameObject:
  m_ObjectHideFlags: 0
  m_CorrespondingSourceObject: {fileID: 0}
  m_PrefabInstance: {fileID: 0}
  m_PrefabAsset: {fileID: 0}
  serializedVersion: 6
  m_Component:
  - component: {fileID: 8614828717778242634}
  m_Layer: 0
  m_Name: PT_Medieval_Female_RightHandPinky2
  m_TagString: Untagged
  m_Icon: {fileID: 0}
  m_NavMeshLayer: 0
  m_StaticEditorFlags: 0
  m_IsActive: 1
--- !u!4 &8614828717778242634
Transform:
  m_ObjectHideFlags: 0
  m_CorrespondingSourceObject: {fileID: 0}
  m_PrefabInstance: {fileID: 0}
  m_PrefabAsset: {fileID: 0}
  m_GameObject: {fileID: 8614828717778538602}
  m_LocalRotation: {x: -0.08476753, y: -1.6469401e-17, z: -5.411375e-17, w: 0.9964008}
  m_LocalPosition: {x: -0.00011957808, y: -0.03907761, z: 0.01078797}
  m_LocalScale: {x: 1, y: 1, z: 1}
  m_Children:
  - {fileID: 8614828717778242628}
  m_Father: {fileID: 8614828717778242632}
  m_RootOrder: 0
  m_LocalEulerAnglesHint: {x: 0, y: 0, z: 0}
--- !u!1 &8614828717778538604
GameObject:
  m_ObjectHideFlags: 0
  m_CorrespondingSourceObject: {fileID: 0}
  m_PrefabInstance: {fileID: 0}
  m_PrefabAsset: {fileID: 0}
  serializedVersion: 6
  m_Component:
  - component: {fileID: 8614828717778242636}
  m_Layer: 0
  m_Name: PT_Medieval_Female_RightHandMiddle2
  m_TagString: Untagged
  m_Icon: {fileID: 0}
  m_NavMeshLayer: 0
  m_StaticEditorFlags: 0
  m_IsActive: 1
--- !u!4 &8614828717778242636
Transform:
  m_ObjectHideFlags: 0
  m_CorrespondingSourceObject: {fileID: 0}
  m_PrefabInstance: {fileID: 0}
  m_PrefabAsset: {fileID: 0}
  m_GameObject: {fileID: 8614828717778538604}
  m_LocalRotation: {x: 0.11922089, y: 2.4817834e-17, z: -6.618089e-17, w: 0.99286777}
  m_LocalPosition: {x: 0.003803194, y: -0.04434157, z: -0.005088075}
  m_LocalScale: {x: 1, y: 1, z: 1}
  m_Children:
  - {fileID: 8614828717778242638}
  m_Father: {fileID: 8614828717778242994}
  m_RootOrder: 0
  m_LocalEulerAnglesHint: {x: 0, y: 0, z: 0}
--- !u!1 &8614828717778538606
GameObject:
  m_ObjectHideFlags: 0
  m_CorrespondingSourceObject: {fileID: 0}
  m_PrefabInstance: {fileID: 0}
  m_PrefabAsset: {fileID: 0}
  serializedVersion: 6
  m_Component:
  - component: {fileID: 8614828717778242638}
  m_Layer: 0
  m_Name: PT_Medieval_Female_RightHandMiddle3
  m_TagString: Untagged
  m_Icon: {fileID: 0}
  m_NavMeshLayer: 0
  m_StaticEditorFlags: 0
  m_IsActive: 1
--- !u!4 &8614828717778242638
Transform:
  m_ObjectHideFlags: 0
  m_CorrespondingSourceObject: {fileID: 0}
  m_PrefabInstance: {fileID: 0}
  m_PrefabAsset: {fileID: 0}
  m_GameObject: {fileID: 8614828717778538606}
  m_LocalRotation: {x: 0.045742024, y: 5.078385e-18, z: -2.5391925e-17, w: 0.9989533}
  m_LocalPosition: {x: 0.0035113383, y: -0.04394446, z: -0.0020969599}
  m_LocalScale: {x: 1, y: 1, z: 1}
  m_Children: []
  m_Father: {fileID: 8614828717778242636}
  m_RootOrder: 0
  m_LocalEulerAnglesHint: {x: 0, y: 0, z: 0}
--- !u!1 &8614828717778538608
GameObject:
  m_ObjectHideFlags: 0
  m_CorrespondingSourceObject: {fileID: 0}
  m_PrefabInstance: {fileID: 0}
  m_PrefabAsset: {fileID: 0}
  serializedVersion: 6
  m_Component:
  - component: {fileID: 8614828717778242640}
  m_Layer: 0
  m_Name: PT_Medieval_Female_RightUpLeg
  m_TagString: Untagged
  m_Icon: {fileID: 0}
  m_NavMeshLayer: 0
  m_StaticEditorFlags: 0
  m_IsActive: 1
--- !u!4 &8614828717778242640
Transform:
  m_ObjectHideFlags: 0
  m_CorrespondingSourceObject: {fileID: 0}
  m_PrefabInstance: {fileID: 0}
  m_PrefabAsset: {fileID: 0}
  m_GameObject: {fileID: 8614828717778538608}
  m_LocalRotation: {x: 0.00016803626, y: 0.006834478, z: 0.99967456, w: -0.024578555}
  m_LocalPosition: {x: 0.10162217, y: -0.10391232, z: -0.010343302}
  m_LocalScale: {x: 1, y: 1, z: 1}
  m_Children:
  - {fileID: 8614828717778242964}
  - {fileID: 8614828717778242960}
  - {fileID: 8614828717778242650}
  - {fileID: 8614828717778242642}
  m_Father: {fileID: 8614828717778243014}
  m_RootOrder: 1
  m_LocalEulerAnglesHint: {x: 0, y: 0, z: 0}
--- !u!1 &8614828717778538610
GameObject:
  m_ObjectHideFlags: 0
  m_CorrespondingSourceObject: {fileID: 0}
  m_PrefabInstance: {fileID: 0}
  m_PrefabAsset: {fileID: 0}
  serializedVersion: 6
  m_Component:
  - component: {fileID: 8614828717778242642}
  m_Layer: 0
  m_Name: PT_Medieval_Female_Second_Weapon_slot
  m_TagString: Untagged
  m_Icon: {fileID: 0}
  m_NavMeshLayer: 0
  m_StaticEditorFlags: 0
  m_IsActive: 1
--- !u!4 &8614828717778242642
Transform:
  m_ObjectHideFlags: 0
  m_CorrespondingSourceObject: {fileID: 0}
  m_PrefabInstance: {fileID: 0}
  m_PrefabAsset: {fileID: 0}
  m_GameObject: {fileID: 8614828717778538610}
  m_LocalRotation: {x: 0.896631, y: 0.15798475, z: 0.41029167, w: 0.052482314}
  m_LocalPosition: {x: -0.033576973, y: -0.03000997, z: 0.09521142}
  m_LocalScale: {x: 1, y: 1, z: 1}
  m_Children: []
  m_Father: {fileID: 8614828717778242640}
  m_RootOrder: 3
  m_LocalEulerAnglesHint: {x: 0, y: 0, z: 0}
--- !u!1 &8614828717778538612
GameObject:
  m_ObjectHideFlags: 0
  m_CorrespondingSourceObject: {fileID: 0}
  m_PrefabInstance: {fileID: 0}
  m_PrefabAsset: {fileID: 0}
  serializedVersion: 6
  m_Component:
  - component: {fileID: 8614828717778242644}
  m_Layer: 0
  m_Name: PT_Medieval_Female_RightShoulder
  m_TagString: Untagged
  m_Icon: {fileID: 0}
  m_NavMeshLayer: 0
  m_StaticEditorFlags: 0
  m_IsActive: 1
--- !u!4 &8614828717778242644
Transform:
  m_ObjectHideFlags: 0
  m_CorrespondingSourceObject: {fileID: 0}
  m_PrefabInstance: {fileID: 0}
  m_PrefabAsset: {fileID: 0}
  m_GameObject: {fileID: 8614828717778538612}
  m_LocalRotation: {x: -0.41975915, y: 0.57201356, z: 0.43446514, w: 0.5548358}
  m_LocalPosition: {x: 0.055697575, y: 0.058798265, z: -0.00748073}
  m_LocalScale: {x: 1, y: 1, z: 1}
  m_Children:
  - {fileID: 8614828717778242986}
  m_Father: {fileID: 8614828717778242666}
  m_RootOrder: 6
  m_LocalEulerAnglesHint: {x: 0, y: 0, z: 0}
--- !u!1 &8614828717778538614
GameObject:
  m_ObjectHideFlags: 0
  m_CorrespondingSourceObject: {fileID: 0}
  m_PrefabInstance: {fileID: 0}
  m_PrefabAsset: {fileID: 0}
  serializedVersion: 6
  m_Component:
  - component: {fileID: 8614828717778242646}
  m_Layer: 0
  m_Name: PT_Medieval_Female_RightToe
  m_TagString: Untagged
  m_Icon: {fileID: 0}
  m_NavMeshLayer: 0
  m_StaticEditorFlags: 0
  m_IsActive: 1
--- !u!4 &8614828717778242646
Transform:
  m_ObjectHideFlags: 0
  m_CorrespondingSourceObject: {fileID: 0}
  m_PrefabInstance: {fileID: 0}
  m_PrefabAsset: {fileID: 0}
  m_GameObject: {fileID: 8614828717778538614}
  m_LocalRotation: {x: 0.32279554, y: -0.08884289, z: 0.03045037, w: 0.9417976}
  m_LocalPosition: {x: 0.0002752092, y: 0.140358, z: 0.01525794}
  m_LocalScale: {x: 1, y: 1, z: 1}
  m_Children: []
  m_Father: {fileID: 8614828717778243006}
  m_RootOrder: 0
  m_LocalEulerAnglesHint: {x: 0, y: 0, z: 0}
--- !u!1 &8614828717778538616
GameObject:
  m_ObjectHideFlags: 0
  m_CorrespondingSourceObject: {fileID: 0}
  m_PrefabInstance: {fileID: 0}
  m_PrefabAsset: {fileID: 0}
  serializedVersion: 6
  m_Component:
  - component: {fileID: 8614828717778242648}
  m_Layer: 0
  m_Name: PT_Medieval_Female_RightHandThumb3
  m_TagString: Untagged
  m_Icon: {fileID: 0}
  m_NavMeshLayer: 0
  m_StaticEditorFlags: 0
  m_IsActive: 1
--- !u!4 &8614828717778242648
Transform:
  m_ObjectHideFlags: 0
  m_CorrespondingSourceObject: {fileID: 0}
  m_PrefabInstance: {fileID: 0}
  m_PrefabAsset: {fileID: 0}
  m_GameObject: {fileID: 8614828717778538616}
  m_LocalRotation: {x: -0.07131409, y: 9.5009456e-17, z: 1.7368916e-16, w: 0.9974539}
  m_LocalPosition: {x: 0.015694618, y: -0.030124107, z: -0.00029293442}
  m_LocalScale: {x: 1, y: 1, z: 1}
  m_Children: []
  m_Father: {fileID: 8614828717778242654}
  m_RootOrder: 0
  m_LocalEulerAnglesHint: {x: 0, y: 0, z: 0}
--- !u!1 &8614828717778538618
GameObject:
  m_ObjectHideFlags: 0
  m_CorrespondingSourceObject: {fileID: 0}
  m_PrefabInstance: {fileID: 0}
  m_PrefabAsset: {fileID: 0}
  serializedVersion: 6
  m_Component:
  - component: {fileID: 8614828717778242650}
  m_Layer: 0
  m_Name: PT_Medieval_Female_RightLeg
  m_TagString: Untagged
  m_Icon: {fileID: 0}
  m_NavMeshLayer: 0
  m_StaticEditorFlags: 0
  m_IsActive: 1
--- !u!4 &8614828717778242650
Transform:
  m_ObjectHideFlags: 0
  m_CorrespondingSourceObject: {fileID: 0}
  m_PrefabInstance: {fileID: 0}
  m_PrefabAsset: {fileID: 0}
  m_GameObject: {fileID: 8614828717778538618}
  m_LocalRotation: {x: -0.019684935, y: 0.0006116889, z: -0.031052947, w: 0.9993237}
  m_LocalPosition: {x: 0.02627137, y: 0.43321747, z: 0.011509661}
  m_LocalScale: {x: 1, y: 1, z: 1}
  m_Children:
  - {fileID: 8614828717778243006}
  m_Father: {fileID: 8614828717778242640}
  m_RootOrder: 2
  m_LocalEulerAnglesHint: {x: 0, y: 0, z: 0}
--- !u!1 &8614828717778538620
GameObject:
  m_ObjectHideFlags: 0
  m_CorrespondingSourceObject: {fileID: 0}
  m_PrefabInstance: {fileID: 0}
  m_PrefabAsset: {fileID: 0}
  serializedVersion: 6
  m_Component:
  - component: {fileID: 8614828717778242652}
  m_Layer: 0
  m_Name: PT_Medieval_Female_RightHandThumb1
  m_TagString: Untagged
  m_Icon: {fileID: 0}
  m_NavMeshLayer: 0
  m_StaticEditorFlags: 0
  m_IsActive: 1
--- !u!4 &8614828717778242652
Transform:
  m_ObjectHideFlags: 0
  m_CorrespondingSourceObject: {fileID: 0}
  m_PrefabInstance: {fileID: 0}
  m_PrefabAsset: {fileID: 0}
  m_GameObject: {fileID: 8614828717778538620}
  m_LocalRotation: {x: 0.1668042, y: -0.049394056, z: -0.27960354, w: 0.94422376}
  m_LocalPosition: {x: -0.053243697, y: -0.032605033, z: -0.02038972}
  m_LocalScale: {x: 1, y: 1, z: 1}
  m_Children:
  - {fileID: 8614828717778242654}
  m_Father: {fileID: 8614828717778243002}
  m_RootOrder: 5
  m_LocalEulerAnglesHint: {x: 0, y: 0, z: 0}
--- !u!1 &8614828717778538622
GameObject:
  m_ObjectHideFlags: 0
  m_CorrespondingSourceObject: {fileID: 0}
  m_PrefabInstance: {fileID: 0}
  m_PrefabAsset: {fileID: 0}
  serializedVersion: 6
  m_Component:
  - component: {fileID: 8614828717778242654}
  m_Layer: 0
  m_Name: PT_Medieval_Female_RightHandThumb2
  m_TagString: Untagged
  m_Icon: {fileID: 0}
  m_NavMeshLayer: 0
  m_StaticEditorFlags: 0
  m_IsActive: 1
--- !u!4 &8614828717778242654
Transform:
  m_ObjectHideFlags: 0
  m_CorrespondingSourceObject: {fileID: 0}
  m_PrefabInstance: {fileID: 0}
  m_PrefabAsset: {fileID: 0}
  m_GameObject: {fileID: 8614828717778538622}
  m_LocalRotation: {x: 0.03892264, y: -3.889153e-17, z: -9.874803e-17, w: 0.99924225}
  m_LocalPosition: {x: -0.0010792268, y: -0.054186877, z: 0.0010606445}
  m_LocalScale: {x: 1, y: 1, z: 1}
  m_Children:
  - {fileID: 8614828717778242648}
  m_Father: {fileID: 8614828717778242652}
  m_RootOrder: 0
  m_LocalEulerAnglesHint: {x: 0, y: 0, z: 0}
--- !u!1 &8614828717778538880
GameObject:
  m_ObjectHideFlags: 0
  m_CorrespondingSourceObject: {fileID: 0}
  m_PrefabInstance: {fileID: 0}
  m_PrefabAsset: {fileID: 0}
  serializedVersion: 6
  m_Component:
  - component: {fileID: 8614828717778243040}
  m_Layer: 0
  m_Name: PT_Medieval_Female_LeftHandIndex3
  m_TagString: Untagged
  m_Icon: {fileID: 0}
  m_NavMeshLayer: 0
  m_StaticEditorFlags: 0
  m_IsActive: 1
--- !u!4 &8614828717778243040
Transform:
  m_ObjectHideFlags: 0
  m_CorrespondingSourceObject: {fileID: 0}
  m_PrefabInstance: {fileID: 0}
  m_PrefabAsset: {fileID: 0}
  m_GameObject: {fileID: 8614828717778538880}
  m_LocalRotation: {x: 0.16408321, y: -9.108448e-17, z: -1.6850629e-16, w: 0.9864465}
  m_LocalPosition: {x: -0.0042496747, y: 0.037040204, z: 0.0017849859}
  m_LocalScale: {x: 1, y: 1, z: 1}
  m_Children: []
  m_Father: {fileID: 8614828717778243046}
  m_RootOrder: 0
  m_LocalEulerAnglesHint: {x: 0, y: 0, z: 0}
--- !u!1 &8614828717778538882
GameObject:
  m_ObjectHideFlags: 0
  m_CorrespondingSourceObject: {fileID: 0}
  m_PrefabInstance: {fileID: 0}
  m_PrefabAsset: {fileID: 0}
  serializedVersion: 6
  m_Component:
  - component: {fileID: 8614828717778243042}
  m_Layer: 0
  m_Name: PT_Medieval_Female_LeftHandMiddle1
  m_TagString: Untagged
  m_Icon: {fileID: 0}
  m_NavMeshLayer: 0
  m_StaticEditorFlags: 0
  m_IsActive: 1
--- !u!4 &8614828717778243042
Transform:
  m_ObjectHideFlags: 0
  m_CorrespondingSourceObject: {fileID: 0}
  m_PrefabInstance: {fileID: 0}
  m_PrefabAsset: {fileID: 0}
  m_GameObject: {fileID: 8614828717778538882}
  m_LocalRotation: {x: 0.07121196, y: -0.0049869064, z: -0.069679745, w: 0.9950119}
  m_LocalPosition: {x: 0.014639758, y: 0.094718896, z: -0.018274162}
  m_LocalScale: {x: 1, y: 1, z: 1}
  m_Children:
  - {fileID: 8614828717778243068}
  m_Father: {fileID: 8614828717778243050}
  m_RootOrder: 1
  m_LocalEulerAnglesHint: {x: 0, y: 0, z: 0}
--- !u!1 &8614828717778538884
GameObject:
  m_ObjectHideFlags: 0
  m_CorrespondingSourceObject: {fileID: 0}
  m_PrefabInstance: {fileID: 0}
  m_PrefabAsset: {fileID: 0}
  serializedVersion: 6
  m_Component:
  - component: {fileID: 8614828717778243044}
  m_Layer: 0
  m_Name: PT_Medieval_Female_LeftHandIndex1
  m_TagString: Untagged
  m_Icon: {fileID: 0}
  m_NavMeshLayer: 0
  m_StaticEditorFlags: 0
  m_IsActive: 1
--- !u!4 &8614828717778243044
Transform:
  m_ObjectHideFlags: 0
  m_CorrespondingSourceObject: {fileID: 0}
  m_PrefabInstance: {fileID: 0}
  m_PrefabAsset: {fileID: 0}
  m_GameObject: {fileID: 8614828717778538884}
  m_LocalRotation: {x: 0.055548213, y: -0.0029377441, z: -0.052730806, w: 0.99705833}
  m_LocalPosition: {x: 0.042903807, y: 0.091824986, z: -0.011946131}
  m_LocalScale: {x: 1, y: 1, z: 1}
  m_Children:
  - {fileID: 8614828717778243046}
  m_Father: {fileID: 8614828717778243050}
  m_RootOrder: 0
  m_LocalEulerAnglesHint: {x: 0, y: 0, z: 0}
--- !u!1 &8614828717778538886
GameObject:
  m_ObjectHideFlags: 0
  m_CorrespondingSourceObject: {fileID: 0}
  m_PrefabInstance: {fileID: 0}
  m_PrefabAsset: {fileID: 0}
  serializedVersion: 6
  m_Component:
  - component: {fileID: 8614828717778243046}
  m_Layer: 0
  m_Name: PT_Medieval_Female_LeftHandIndex2
  m_TagString: Untagged
  m_Icon: {fileID: 0}
  m_NavMeshLayer: 0
  m_StaticEditorFlags: 0
  m_IsActive: 1
--- !u!4 &8614828717778243046
Transform:
  m_ObjectHideFlags: 0
  m_CorrespondingSourceObject: {fileID: 0}
  m_PrefabInstance: {fileID: 0}
  m_PrefabAsset: {fileID: 0}
  m_GameObject: {fileID: 8614828717778538886}
  m_LocalRotation: {x: 0.09512609, y: -3.300349e-17, z: -1.029709e-16, w: 0.9954652}
  m_LocalPosition: {x: -0.0007526233, y: 0.045905646, z: 0.0063279406}
  m_LocalScale: {x: 1, y: 1, z: 1}
  m_Children:
  - {fileID: 8614828717778243040}
  m_Father: {fileID: 8614828717778243044}
  m_RootOrder: 0
  m_LocalEulerAnglesHint: {x: 0, y: 0, z: 0}
--- !u!1 &8614828717778538888
GameObject:
  m_ObjectHideFlags: 0
  m_CorrespondingSourceObject: {fileID: 0}
  m_PrefabInstance: {fileID: 0}
  m_PrefabAsset: {fileID: 0}
  serializedVersion: 6
  m_Component:
  - component: {fileID: 8614828717778243048}
  m_Layer: 0
  m_Name: PT_Medieval_Female_LeftForeArm
  m_TagString: Untagged
  m_Icon: {fileID: 0}
  m_NavMeshLayer: 0
  m_StaticEditorFlags: 0
  m_IsActive: 1
--- !u!4 &8614828717778243048
Transform:
  m_ObjectHideFlags: 0
  m_CorrespondingSourceObject: {fileID: 0}
  m_PrefabInstance: {fileID: 0}
  m_PrefabAsset: {fileID: 0}
  m_GameObject: {fileID: 8614828717778538888}
  m_LocalRotation: {x: -0.1194774, y: 0.004352882, z: -0.036147382, w: 0.99216914}
  m_LocalPosition: {x: -0.00016516104, y: 0.25215882, z: -0.013143711}
  m_LocalScale: {x: 1, y: 1, z: 1}
  m_Children:
  - {fileID: 8614828717778243050}
  m_Father: {fileID: 8614828717778243034}
  m_RootOrder: 0
  m_LocalEulerAnglesHint: {x: 0, y: 0, z: 0}
--- !u!1 &8614828717778538890
GameObject:
  m_ObjectHideFlags: 0
  m_CorrespondingSourceObject: {fileID: 0}
  m_PrefabInstance: {fileID: 0}
  m_PrefabAsset: {fileID: 0}
  serializedVersion: 6
  m_Component:
  - component: {fileID: 8614828717778243050}
  m_Layer: 0
  m_Name: PT_Medieval_Female_LeftHand
  m_TagString: Untagged
  m_Icon: {fileID: 0}
  m_NavMeshLayer: 0
  m_StaticEditorFlags: 0
  m_IsActive: 1
--- !u!4 &8614828717778243050
Transform:
  m_ObjectHideFlags: 0
  m_CorrespondingSourceObject: {fileID: 0}
  m_PrefabInstance: {fileID: 0}
  m_PrefabAsset: {fileID: 0}
  m_GameObject: {fileID: 8614828717778538890}
  m_LocalRotation: {x: 0.023698647, y: 0.023616062, z: 0.047987882, w: 0.99828744}
  m_LocalPosition: {x: 0.009855717, y: 0.25892368, z: 0.017022347}
  m_LocalScale: {x: 1, y: 1, z: 1}
  m_Children:
  - {fileID: 8614828717778243044}
  - {fileID: 8614828717778243042}
  - {fileID: 8614828717778243064}
  - {fileID: 8614828717778243062}
  - {fileID: 8614828717778242956}
  - {fileID: 8614828717778242984}
  m_Father: {fileID: 8614828717778243048}
  m_RootOrder: 0
  m_LocalEulerAnglesHint: {x: 0, y: 0, z: 0}
--- !u!1 &8614828717778538892
GameObject:
  m_ObjectHideFlags: 0
  m_CorrespondingSourceObject: {fileID: 0}
  m_PrefabInstance: {fileID: 0}
  m_PrefabAsset: {fileID: 0}
  serializedVersion: 6
  m_Component:
  - component: {fileID: 8614828717778243052}
  m_Layer: 0
  m_Name: PT_Medieval_Female_LeftCape4
  m_TagString: Untagged
  m_Icon: {fileID: 0}
  m_NavMeshLayer: 0
  m_StaticEditorFlags: 0
  m_IsActive: 1
--- !u!4 &8614828717778243052
Transform:
  m_ObjectHideFlags: 0
  m_CorrespondingSourceObject: {fileID: 0}
  m_PrefabInstance: {fileID: 0}
  m_PrefabAsset: {fileID: 0}
  m_GameObject: {fileID: 8614828717778538892}
  m_LocalRotation: {x: 0, y: -0, z: -0, w: 1}
  m_LocalPosition: {x: 0.0011659999, y: 0.32133335, z: 0.037260104}
  m_LocalScale: {x: 1, y: 1, z: 1}
  m_Children: []
  m_Father: {fileID: 8614828717778243026}
  m_RootOrder: 0
  m_LocalEulerAnglesHint: {x: 0, y: 0, z: 0}
--- !u!1 &8614828717778538894
GameObject:
  m_ObjectHideFlags: 0
  m_CorrespondingSourceObject: {fileID: 0}
  m_PrefabInstance: {fileID: 0}
  m_PrefabAsset: {fileID: 0}
  serializedVersion: 6
  m_Component:
  - component: {fileID: 8614828717778243054}
  m_Layer: 0
  m_Name: PT_Medieval_Female_LeftFoot
  m_TagString: Untagged
  m_Icon: {fileID: 0}
  m_NavMeshLayer: 0
  m_StaticEditorFlags: 0
  m_IsActive: 1
--- !u!4 &8614828717778243054
Transform:
  m_ObjectHideFlags: 0
  m_CorrespondingSourceObject: {fileID: 0}
  m_PrefabInstance: {fileID: 0}
  m_PrefabAsset: {fileID: 0}
  m_GameObject: {fileID: 8614828717778538894}
  m_LocalRotation: {x: 0.4818592, y: -0.0007733488, z: 0.0004252736, w: 0.87624824}
  m_LocalPosition: {x: -0.00011882781, y: -0.39947334, z: 0.005715779}
  m_LocalScale: {x: 1, y: 1, z: 1}
  m_Children:
  - {fileID: 8614828717778242948}
  m_Father: {fileID: 8614828717778242952}
  m_RootOrder: 0
  m_LocalEulerAnglesHint: {x: 0, y: 0, z: 0}
--- !u!1 &8614828717778538896
GameObject:
  m_ObjectHideFlags: 0
  m_CorrespondingSourceObject: {fileID: 0}
  m_PrefabInstance: {fileID: 0}
  m_PrefabAsset: {fileID: 0}
  serializedVersion: 6
  m_Component:
  - component: {fileID: 8614828717778243056}
  m_Layer: 0
  m_Name: PT_Medieval_Female_LeftHandRing2
  m_TagString: Untagged
  m_Icon: {fileID: 0}
  m_NavMeshLayer: 0
  m_StaticEditorFlags: 0
  m_IsActive: 1
--- !u!4 &8614828717778243056
Transform:
  m_ObjectHideFlags: 0
  m_CorrespondingSourceObject: {fileID: 0}
  m_PrefabInstance: {fileID: 0}
  m_PrefabAsset: {fileID: 0}
  m_GameObject: {fileID: 8614828717778538896}
  m_LocalRotation: {x: 0.047358066, y: -5.1263562e-17, z: -5.783581e-17, w: 0.998878}
  m_LocalPosition: {x: -0.0047996426, y: 0.043330625, z: -0.0012189836}
  m_LocalScale: {x: 1, y: 1, z: 1}
  m_Children:
  - {fileID: 8614828717778243058}
  m_Father: {fileID: 8614828717778243062}
  m_RootOrder: 0
  m_LocalEulerAnglesHint: {x: 0, y: 0, z: 0}
--- !u!1 &8614828717778538898
GameObject:
  m_ObjectHideFlags: 0
  m_CorrespondingSourceObject: {fileID: 0}
  m_PrefabInstance: {fileID: 0}
  m_PrefabAsset: {fileID: 0}
  serializedVersion: 6
  m_Component:
  - component: {fileID: 8614828717778243058}
  m_Layer: 0
  m_Name: PT_Medieval_Female_LeftHandRing3
  m_TagString: Untagged
  m_Icon: {fileID: 0}
  m_NavMeshLayer: 0
  m_StaticEditorFlags: 0
  m_IsActive: 1
--- !u!4 &8614828717778243058
Transform:
  m_ObjectHideFlags: 0
  m_CorrespondingSourceObject: {fileID: 0}
  m_PrefabInstance: {fileID: 0}
  m_PrefabAsset: {fileID: 0}
  m_GameObject: {fileID: 8614828717778538898}
  m_LocalRotation: {x: 0.041252065, y: -5.0378893e-17, z: -4.637148e-17, w: 0.9991488}
  m_LocalPosition: {x: -0.002813764, y: 0.040389303, z: -0.00015421024}
  m_LocalScale: {x: 1, y: 1, z: 1}
  m_Children: []
  m_Father: {fileID: 8614828717778243056}
  m_RootOrder: 0
  m_LocalEulerAnglesHint: {x: 0, y: 0, z: 0}
--- !u!1 &8614828717778538900
GameObject:
  m_ObjectHideFlags: 0
  m_CorrespondingSourceObject: {fileID: 0}
  m_PrefabInstance: {fileID: 0}
  m_PrefabAsset: {fileID: 0}
  serializedVersion: 6
  m_Component:
  - component: {fileID: 8614828717778243060}
  m_Layer: 0
  m_Name: PT_Medieval_Female_LeftHandPinky3
  m_TagString: Untagged
  m_Icon: {fileID: 0}
  m_NavMeshLayer: 0
  m_StaticEditorFlags: 0
  m_IsActive: 1
--- !u!4 &8614828717778243060
Transform:
  m_ObjectHideFlags: 0
  m_CorrespondingSourceObject: {fileID: 0}
  m_PrefabInstance: {fileID: 0}
  m_PrefabAsset: {fileID: 0}
  m_GameObject: {fileID: 8614828717778538900}
  m_LocalRotation: {x: -0.011456637, y: -8.426617e-18, z: 1.9079134e-18, w: 0.9999344}
  m_LocalPosition: {x: 0.0020234806, y: 0.025141403, z: 0.005531941}
  m_LocalScale: {x: 1, y: 1, z: 1}
  m_Children: []
  m_Father: {fileID: 8614828717778243066}
  m_RootOrder: 0
  m_LocalEulerAnglesHint: {x: 0, y: 0, z: 0}
--- !u!1 &8614828717778538902
GameObject:
  m_ObjectHideFlags: 0
  m_CorrespondingSourceObject: {fileID: 0}
  m_PrefabInstance: {fileID: 0}
  m_PrefabAsset: {fileID: 0}
  serializedVersion: 6
  m_Component:
  - component: {fileID: 8614828717778243062}
  m_Layer: 0
  m_Name: PT_Medieval_Female_LeftHandRing1
  m_TagString: Untagged
  m_Icon: {fileID: 0}
  m_NavMeshLayer: 0
  m_StaticEditorFlags: 0
  m_IsActive: 1
--- !u!4 &8614828717778243062
Transform:
  m_ObjectHideFlags: 0
  m_CorrespondingSourceObject: {fileID: 0}
  m_PrefabInstance: {fileID: 0}
  m_PrefabAsset: {fileID: 0}
  m_GameObject: {fileID: 8614828717778538902}
  m_LocalRotation: {x: 0.1255726, y: -0.009746214, z: -0.076765224, w: 0.989062}
  m_LocalPosition: {x: -0.0121395085, y: 0.090967946, z: -0.015328659}
  m_LocalScale: {x: 1, y: 1, z: 1}
  m_Children:
  - {fileID: 8614828717778243056}
  m_Father: {fileID: 8614828717778243050}
  m_RootOrder: 3
  m_LocalEulerAnglesHint: {x: 0, y: 0, z: 0}
--- !u!1 &8614828717778538904
GameObject:
  m_ObjectHideFlags: 0
  m_CorrespondingSourceObject: {fileID: 0}
  m_PrefabInstance: {fileID: 0}
  m_PrefabAsset: {fileID: 0}
  serializedVersion: 6
  m_Component:
  - component: {fileID: 8614828717778243064}
  m_Layer: 0
  m_Name: PT_Medieval_Female_LeftHandPinky1
  m_TagString: Untagged
  m_Icon: {fileID: 0}
  m_NavMeshLayer: 0
  m_StaticEditorFlags: 0
  m_IsActive: 1
--- !u!4 &8614828717778243064
Transform:
  m_ObjectHideFlags: 0
  m_CorrespondingSourceObject: {fileID: 0}
  m_PrefabInstance: {fileID: 0}
  m_PrefabAsset: {fileID: 0}
  m_GameObject: {fileID: 8614828717778538904}
  m_LocalRotation: {x: 0.20583394, y: 0.0075915214, z: 0.036066417, w: 0.97789264}
  m_LocalPosition: {x: -0.03132403, y: 0.08897742, z: -0.010724952}
  m_LocalScale: {x: 1, y: 1, z: 1}
  m_Children:
  - {fileID: 8614828717778243066}
  m_Father: {fileID: 8614828717778243050}
  m_RootOrder: 2
  m_LocalEulerAnglesHint: {x: 0, y: 0, z: 0}
--- !u!1 &8614828717778538906
GameObject:
  m_ObjectHideFlags: 0
  m_CorrespondingSourceObject: {fileID: 0}
  m_PrefabInstance: {fileID: 0}
  m_PrefabAsset: {fileID: 0}
  serializedVersion: 6
  m_Component:
  - component: {fileID: 8614828717778243066}
  m_Layer: 0
  m_Name: PT_Medieval_Female_LeftHandPinky2
  m_TagString: Untagged
  m_Icon: {fileID: 0}
  m_NavMeshLayer: 0
  m_StaticEditorFlags: 0
  m_IsActive: 1
--- !u!4 &8614828717778243066
Transform:
  m_ObjectHideFlags: 0
  m_CorrespondingSourceObject: {fileID: 0}
  m_PrefabInstance: {fileID: 0}
  m_PrefabAsset: {fileID: 0}
  m_GameObject: {fileID: 8614828717778538906}
  m_LocalRotation: {x: -0.08476753, y: -6.1172064e-17, z: 2.1174945e-17, w: 0.9964008}
  m_LocalPosition: {x: 0.00011958012, y: 0.039077606, z: -0.01078826}
  m_LocalScale: {x: 1, y: 1, z: 1}
  m_Children:
  - {fileID: 8614828717778243060}
  m_Father: {fileID: 8614828717778243064}
  m_RootOrder: 0
  m_LocalEulerAnglesHint: {x: 0, y: 0, z: 0}
--- !u!1 &8614828717778538908
GameObject:
  m_ObjectHideFlags: 0
  m_CorrespondingSourceObject: {fileID: 0}
  m_PrefabInstance: {fileID: 0}
  m_PrefabAsset: {fileID: 0}
  serializedVersion: 6
  m_Component:
  - component: {fileID: 8614828717778243068}
  m_Layer: 0
  m_Name: PT_Medieval_Female_LeftHandMiddle2
  m_TagString: Untagged
  m_Icon: {fileID: 0}
  m_NavMeshLayer: 0
  m_StaticEditorFlags: 0
  m_IsActive: 1
--- !u!4 &8614828717778243068
Transform:
  m_ObjectHideFlags: 0
  m_CorrespondingSourceObject: {fileID: 0}
  m_PrefabInstance: {fileID: 0}
  m_PrefabAsset: {fileID: 0}
  m_GameObject: {fileID: 8614828717778538908}
  m_LocalRotation: {x: 0.11922089, y: -4.1363057e-17, z: -1.5221604e-16, w: 0.99286777}
  m_LocalPosition: {x: -0.0038028832, y: 0.04434097, z: 0.0050862664}
  m_LocalScale: {x: 1, y: 1, z: 1}
  m_Children:
  - {fileID: 8614828717778243070}
  m_Father: {fileID: 8614828717778243042}
  m_RootOrder: 0
  m_LocalEulerAnglesHint: {x: 0, y: 0, z: 0}
--- !u!1 &8614828717778538910
GameObject:
  m_ObjectHideFlags: 0
  m_CorrespondingSourceObject: {fileID: 0}
  m_PrefabInstance: {fileID: 0}
  m_PrefabAsset: {fileID: 0}
  serializedVersion: 6
  m_Component:
  - component: {fileID: 8614828717778243070}
  m_Layer: 0
  m_Name: PT_Medieval_Female_LeftHandMiddle3
  m_TagString: Untagged
  m_Icon: {fileID: 0}
  m_NavMeshLayer: 0
  m_StaticEditorFlags: 0
  m_IsActive: 1
--- !u!4 &8614828717778243070
Transform:
  m_ObjectHideFlags: 0
  m_CorrespondingSourceObject: {fileID: 0}
  m_PrefabInstance: {fileID: 0}
  m_PrefabAsset: {fileID: 0}
  m_GameObject: {fileID: 8614828717778538910}
  m_LocalRotation: {x: 0.045742024, y: -2.9200713e-17, z: -5.586223e-17, w: 0.9989533}
  m_LocalPosition: {x: -0.0035110204, y: 0.043943528, z: 0.0020956225}
  m_LocalScale: {x: 1, y: 1, z: 1}
  m_Children: []
  m_Father: {fileID: 8614828717778243068}
  m_RootOrder: 0
  m_LocalEulerAnglesHint: {x: 0, y: 0, z: 0}
--- !u!1 &8614828717778538912
GameObject:
  m_ObjectHideFlags: 0
  m_CorrespondingSourceObject: {fileID: 0}
  m_PrefabInstance: {fileID: 0}
  m_PrefabAsset: {fileID: 0}
  serializedVersion: 6
  m_Component:
  - component: {fileID: 8614828717778242944}
  m_Layer: 0
  m_Name: PT_Medieval_Female_Long_Bow_slot
  m_TagString: Untagged
  m_Icon: {fileID: 0}
  m_NavMeshLayer: 0
  m_StaticEditorFlags: 0
  m_IsActive: 1
--- !u!4 &8614828717778242944
Transform:
  m_ObjectHideFlags: 0
  m_CorrespondingSourceObject: {fileID: 0}
  m_PrefabInstance: {fileID: 0}
  m_PrefabAsset: {fileID: 0}
  m_GameObject: {fileID: 8614828717778538912}
  m_LocalRotation: {x: 0.2194514, y: 0.8995495, z: 0.10542872, w: -0.36267993}
  m_LocalPosition: {x: -0.09740666, y: -0.03240751, z: -0.15668702}
  m_LocalScale: {x: 1, y: 1, z: 1}
  m_Children: []
  m_Father: {fileID: 8614828717778242666}
  m_RootOrder: 2
  m_LocalEulerAnglesHint: {x: 0, y: 0, z: 0}
--- !u!1 &8614828717778538914
GameObject:
  m_ObjectHideFlags: 0
  m_CorrespondingSourceObject: {fileID: 0}
  m_PrefabInstance: {fileID: 0}
  m_PrefabAsset: {fileID: 0}
  serializedVersion: 6
  m_Component:
  - component: {fileID: 8614828717778242946}
  m_Layer: 0
  m_Name: PT_Medieval_Female_Medium_Bow_slot
  m_TagString: Untagged
  m_Icon: {fileID: 0}
  m_NavMeshLayer: 0
  m_StaticEditorFlags: 0
  m_IsActive: 1
--- !u!4 &8614828717778242946
Transform:
  m_ObjectHideFlags: 0
  m_CorrespondingSourceObject: {fileID: 0}
  m_PrefabInstance: {fileID: 0}
  m_PrefabAsset: {fileID: 0}
  m_GameObject: {fileID: 8614828717778538914}
  m_LocalRotation: {x: 0.4119161, y: -0.074476846, z: 0.8751432, w: 0.24269892}
  m_LocalPosition: {x: -0.06086113, y: -0.023988165, z: -0.16310365}
  m_LocalScale: {x: 1, y: 1, z: 1}
  m_Children: []
  m_Father: {fileID: 8614828717778242666}
  m_RootOrder: 3
  m_LocalEulerAnglesHint: {x: 0, y: 0, z: 0}
--- !u!1 &8614828717778538916
GameObject:
  m_ObjectHideFlags: 0
  m_CorrespondingSourceObject: {fileID: 0}
  m_PrefabInstance: {fileID: 0}
  m_PrefabAsset: {fileID: 0}
  serializedVersion: 6
  m_Component:
  - component: {fileID: 8614828717778242948}
  m_Layer: 0
  m_Name: PT_Medieval_Female_LeftToe
  m_TagString: Untagged
  m_Icon: {fileID: 0}
  m_NavMeshLayer: 0
  m_StaticEditorFlags: 0
  m_IsActive: 1
--- !u!4 &8614828717778242948
Transform:
  m_ObjectHideFlags: 0
  m_CorrespondingSourceObject: {fileID: 0}
  m_PrefabInstance: {fileID: 0}
  m_PrefabAsset: {fileID: 0}
  m_GameObject: {fileID: 8614828717778538916}
  m_LocalRotation: {x: 0.32279554, y: -0.08884289, z: 0.03045037, w: 0.9417976}
  m_LocalPosition: {x: -0.00027517937, y: -0.14035808, z: -0.015257993}
  m_LocalScale: {x: 1, y: 1, z: 1}
  m_Children: []
  m_Father: {fileID: 8614828717778243054}
  m_RootOrder: 0
  m_LocalEulerAnglesHint: {x: 0, y: 0, z: 0}
--- !u!1 &8614828717778538918
GameObject:
  m_ObjectHideFlags: 0
  m_CorrespondingSourceObject: {fileID: 0}
  m_PrefabInstance: {fileID: 0}
  m_PrefabAsset: {fileID: 0}
  serializedVersion: 6
  m_Component:
  - component: {fileID: 8614828717778242950}
  m_Layer: 0
  m_Name: PT_Medieval_Female_LeftUpLeg
  m_TagString: Untagged
  m_Icon: {fileID: 0}
  m_NavMeshLayer: 0
  m_StaticEditorFlags: 0
  m_IsActive: 1
--- !u!4 &8614828717778242950
Transform:
  m_ObjectHideFlags: 0
  m_CorrespondingSourceObject: {fileID: 0}
  m_PrefabInstance: {fileID: 0}
  m_PrefabAsset: {fileID: 0}
  m_GameObject: {fileID: 8614828717778538918}
  m_LocalRotation: {x: 0.024578555, y: 0.99967456, z: -0.006834478, w: 0.00016803626}
  m_LocalPosition: {x: -0.101622, y: -0.103912696, z: -0.010343317}
  m_LocalScale: {x: 1, y: 1, z: 1}
  m_Children:
  - {fileID: 8614828717778243008}
  - {fileID: 8614828717778243036}
  - {fileID: 8614828717778242952}
  - {fileID: 8614828717778242668}
  m_Father: {fileID: 8614828717778243014}
  m_RootOrder: 0
  m_LocalEulerAnglesHint: {x: 0, y: 0, z: 0}
--- !u!1 &8614828717778538920
GameObject:
  m_ObjectHideFlags: 0
  m_CorrespondingSourceObject: {fileID: 0}
  m_PrefabInstance: {fileID: 0}
  m_PrefabAsset: {fileID: 0}
  serializedVersion: 6
  m_Component:
  - component: {fileID: 8614828717778242952}
  m_Layer: 0
  m_Name: PT_Medieval_Female_LeftLeg
  m_TagString: Untagged
  m_Icon: {fileID: 0}
  m_NavMeshLayer: 0
  m_StaticEditorFlags: 0
  m_IsActive: 1
--- !u!4 &8614828717778242952
Transform:
  m_ObjectHideFlags: 0
  m_CorrespondingSourceObject: {fileID: 0}
  m_PrefabInstance: {fileID: 0}
  m_PrefabAsset: {fileID: 0}
  m_GameObject: {fileID: 8614828717778538920}
  m_LocalRotation: {x: -0.019684935, y: 0.0006116889, z: -0.031052947, w: 0.9993237}
  m_LocalPosition: {x: -0.026271202, y: -0.43321708, z: -0.011509684}
  m_LocalScale: {x: 1, y: 1, z: 1}
  m_Children:
  - {fileID: 8614828717778243054}
  m_Father: {fileID: 8614828717778242950}
  m_RootOrder: 2
  m_LocalEulerAnglesHint: {x: 0, y: 0, z: 0}
--- !u!1 &8614828717778538922
GameObject:
  m_ObjectHideFlags: 0
  m_CorrespondingSourceObject: {fileID: 0}
  m_PrefabInstance: {fileID: 0}
  m_PrefabAsset: {fileID: 0}
  serializedVersion: 6
  m_Component:
  - component: {fileID: 8614828717778242954}
  m_Layer: 0
  m_Name: PT_Medieval_Female_LeftShoulder
  m_TagString: Untagged
  m_Icon: {fileID: 0}
  m_NavMeshLayer: 0
  m_StaticEditorFlags: 0
  m_IsActive: 1
--- !u!4 &8614828717778242954
Transform:
  m_ObjectHideFlags: 0
  m_CorrespondingSourceObject: {fileID: 0}
  m_PrefabInstance: {fileID: 0}
  m_PrefabAsset: {fileID: 0}
  m_GameObject: {fileID: 8614828717778538922}
  m_LocalRotation: {x: 0.5548358, y: -0.43446514, z: 0.57201356, w: 0.41975915}
  m_LocalPosition: {x: -0.055697598, y: 0.05879833, z: -0.0074807163}
  m_LocalScale: {x: 1, y: 1, z: 1}
  m_Children:
  - {fileID: 8614828717778243034}
  m_Father: {fileID: 8614828717778242666}
  m_RootOrder: 1
  m_LocalEulerAnglesHint: {x: 0, y: 0, z: 0}
--- !u!1 &8614828717778538924
GameObject:
  m_ObjectHideFlags: 0
  m_CorrespondingSourceObject: {fileID: 0}
  m_PrefabInstance: {fileID: 0}
  m_PrefabAsset: {fileID: 0}
  serializedVersion: 6
  m_Component:
  - component: {fileID: 8614828717778242956}
  m_Layer: 0
  m_Name: PT_Medieval_Female_LeftHandThumb2
  m_TagString: Untagged
  m_Icon: {fileID: 0}
  m_NavMeshLayer: 0
  m_StaticEditorFlags: 0
  m_IsActive: 1
--- !u!4 &8614828717778242956
Transform:
  m_ObjectHideFlags: 0
  m_CorrespondingSourceObject: {fileID: 0}
  m_PrefabInstance: {fileID: 0}
  m_PrefabAsset: {fileID: 0}
  m_GameObject: {fileID: 8614828717778538924}
  m_LocalRotation: {x: 0.20342948, y: -0.060239535, z: -0.2774691, w: 0.9370158}
  m_LocalPosition: {x: 0.08206476, y: 0.075021274, z: 0.037962623}
  m_LocalScale: {x: 1, y: 1, z: 1}
  m_Children:
  - {fileID: 8614828717778242958}
  m_Father: {fileID: 8614828717778243050}
  m_RootOrder: 4
  m_LocalEulerAnglesHint: {x: 0, y: 0, z: 0}
--- !u!1 &8614828717778538926
GameObject:
  m_ObjectHideFlags: 0
  m_CorrespondingSourceObject: {fileID: 0}
  m_PrefabInstance: {fileID: 0}
  m_PrefabAsset: {fileID: 0}
  serializedVersion: 6
  m_Component:
  - component: {fileID: 8614828717778242958}
  m_Layer: 0
  m_Name: PT_Medieval_Female_LeftHandThumb3
  m_TagString: Untagged
  m_Icon: {fileID: 0}
  m_NavMeshLayer: 0
  m_StaticEditorFlags: 0
  m_IsActive: 1
--- !u!4 &8614828717778242958
Transform:
  m_ObjectHideFlags: 0
  m_CorrespondingSourceObject: {fileID: 0}
  m_PrefabInstance: {fileID: 0}
  m_PrefabAsset: {fileID: 0}
  m_GameObject: {fileID: 8614828717778538926}
  m_LocalRotation: {x: -0.07131409, y: 1.1480309e-16, z: 2.5682243e-16, w: 0.9974539}
  m_LocalPosition: {x: -0.015694646, y: 0.030124372, z: 0.00029431286}
  m_LocalScale: {x: 1, y: 1, z: 1}
  m_Children: []
  m_Father: {fileID: 8614828717778242956}
  m_RootOrder: 0
  m_LocalEulerAnglesHint: {x: 0, y: 0, z: 0}
--- !u!1 &8614828717778538928
GameObject:
  m_ObjectHideFlags: 0
  m_CorrespondingSourceObject: {fileID: 0}
  m_PrefabInstance: {fileID: 0}
  m_PrefabAsset: {fileID: 0}
  serializedVersion: 6
  m_Component:
  - component: {fileID: 8614828717778242960}
  m_Layer: 0
  m_Name: PT_Medieval_Female_Right_FrontCloth
  m_TagString: Untagged
  m_Icon: {fileID: 0}
  m_NavMeshLayer: 0
  m_StaticEditorFlags: 0
  m_IsActive: 1
--- !u!4 &8614828717778242960
Transform:
  m_ObjectHideFlags: 0
  m_CorrespondingSourceObject: {fileID: 0}
  m_PrefabInstance: {fileID: 0}
  m_PrefabAsset: {fileID: 0}
  m_GameObject: {fileID: 8614828717778538928}
  m_LocalRotation: {x: 0.024578555, y: 0.99967456, z: -0.006834478, w: -0.00016803626}
  m_LocalPosition: {x: 0.012343125, y: -0.009660701, z: 0.12110323}
  m_LocalScale: {x: 1, y: 1, z: 1}
  m_Children:
  - {fileID: 8614828717778242962}
  m_Father: {fileID: 8614828717778242640}
  m_RootOrder: 1
  m_LocalEulerAnglesHint: {x: 0, y: 0, z: 0}
--- !u!1 &8614828717778538930
GameObject:
  m_ObjectHideFlags: 0
  m_CorrespondingSourceObject: {fileID: 0}
  m_PrefabInstance: {fileID: 0}
  m_PrefabAsset: {fileID: 0}
  serializedVersion: 6
  m_Component:
  - component: {fileID: 8614828717778242962}
  m_Layer: 0
  m_Name: PT_Medieval_Female_Right_FrontCloth2
  m_TagString: Untagged
  m_Icon: {fileID: 0}
  m_NavMeshLayer: 0
  m_StaticEditorFlags: 0
  m_IsActive: 1
--- !u!4 &8614828717778242962
Transform:
  m_ObjectHideFlags: 0
  m_CorrespondingSourceObject: {fileID: 0}
  m_PrefabInstance: {fileID: 0}
  m_PrefabAsset: {fileID: 0}
  m_GameObject: {fileID: 8614828717778538930}
  m_LocalRotation: {x: 0, y: -0, z: -0, w: 1}
  m_LocalPosition: {x: -2.842171e-16, y: 0.15834352, z: -0.007322}
  m_LocalScale: {x: 1, y: 1, z: 1}
  m_Children:
  - {fileID: 8614828717778242988}
  m_Father: {fileID: 8614828717778242960}
  m_RootOrder: 0
  m_LocalEulerAnglesHint: {x: 0, y: 0, z: 0}
--- !u!1 &8614828717778538932
GameObject:
  m_ObjectHideFlags: 0
  m_CorrespondingSourceObject: {fileID: 0}
  m_PrefabInstance: {fileID: 0}
  m_PrefabAsset: {fileID: 0}
  serializedVersion: 6
  m_Component:
  - component: {fileID: 8614828717778242964}
  m_Layer: 0
  m_Name: PT_Medieval_Female_Right_BackCloth
  m_TagString: Untagged
  m_Icon: {fileID: 0}
  m_NavMeshLayer: 0
  m_StaticEditorFlags: 0
  m_IsActive: 1
--- !u!4 &8614828717778242964
Transform:
  m_ObjectHideFlags: 0
  m_CorrespondingSourceObject: {fileID: 0}
  m_PrefabInstance: {fileID: 0}
  m_PrefabAsset: {fileID: 0}
  m_GameObject: {fileID: 8614828717778538932}
  m_LocalRotation: {x: 0.00016803628, y: 0.006834478, z: 0.99967456, w: 0.024578555}
  m_LocalPosition: {x: 0.013271397, y: -0.01538376, z: -0.13349004}
  m_LocalScale: {x: 1, y: 1, z: 1}
  m_Children:
  - {fileID: 8614828717778242980}
  m_Father: {fileID: 8614828717778242640}
  m_RootOrder: 0
  m_LocalEulerAnglesHint: {x: 0, y: 0, z: 0}
--- !u!1 &8614828717778538934
GameObject:
  m_ObjectHideFlags: 0
  m_CorrespondingSourceObject: {fileID: 0}
  m_PrefabInstance: {fileID: 0}
  m_PrefabAsset: {fileID: 0}
  serializedVersion: 6
  m_Component:
  - component: {fileID: 8614828717778242966}
  m_Layer: 0
  m_Name: PT_Medieval_Female_Right_BackCloth3
  m_TagString: Untagged
  m_Icon: {fileID: 0}
  m_NavMeshLayer: 0
  m_StaticEditorFlags: 0
  m_IsActive: 1
--- !u!4 &8614828717778242966
Transform:
  m_ObjectHideFlags: 0
  m_CorrespondingSourceObject: {fileID: 0}
  m_PrefabInstance: {fileID: 0}
  m_PrefabAsset: {fileID: 0}
  m_GameObject: {fileID: 8614828717778538934}
  m_LocalRotation: {x: 0, y: -0, z: -0, w: 1}
  m_LocalPosition: {x: 0.0017780999, y: -0.203908, z: -0.010576}
  m_LocalScale: {x: 1, y: 1, z: 1}
  m_Children: []
  m_Father: {fileID: 8614828717778242980}
  m_RootOrder: 0
  m_LocalEulerAnglesHint: {x: 0, y: 0, z: 0}
--- !u!1 &8614828717778538936
GameObject:
  m_ObjectHideFlags: 0
  m_CorrespondingSourceObject: {fileID: 0}
  m_PrefabInstance: {fileID: 0}
  m_PrefabAsset: {fileID: 0}
  serializedVersion: 6
  m_Component:
  - component: {fileID: 8614828717778242968}
  - component: {fileID: 8614828717788062252}
  - component: {fileID: 8614828718033869607}
  - component: {fileID: 8614828718033869601}
  - component: {fileID: 8614828718033869600}
  - component: {fileID: 8614828718033869603}
  m_Layer: 0
  m_Name: PT_Medieval_Female_Peasant_01_e
  m_TagString: Innocent
  m_Icon: {fileID: 0}
  m_NavMeshLayer: 0
  m_StaticEditorFlags: 0
  m_IsActive: 1
--- !u!4 &8614828717778242968
Transform:
  m_ObjectHideFlags: 0
  m_CorrespondingSourceObject: {fileID: 0}
  m_PrefabInstance: {fileID: 0}
  m_PrefabAsset: {fileID: 0}
  m_GameObject: {fileID: 8614828717778538936}
  m_LocalRotation: {x: -0, y: 0.6950249, z: -0, w: 0.7189857}
  m_LocalPosition: {x: 28.443693, y: 5.268381, z: 9.2134075}
  m_LocalScale: {x: 3, y: 3, z: 3}
  m_Children:
  - {fileID: 8614828717778243020}
  - {fileID: 8614828717778243014}
  - {fileID: 8614828718184221051}
  - {fileID: 8614828718142318322}
  m_Father: {fileID: 0}
  m_RootOrder: 0
  m_LocalEulerAnglesHint: {x: 0, y: 88.05801, z: 0}
--- !u!95 &8614828717788062252
Animator:
  serializedVersion: 3
  m_ObjectHideFlags: 0
  m_CorrespondingSourceObject: {fileID: 0}
  m_PrefabInstance: {fileID: 0}
  m_PrefabAsset: {fileID: 0}
  m_GameObject: {fileID: 8614828717778538936}
  m_Enabled: 0
  m_Avatar: {fileID: 9000000, guid: 5f29dd01165c45f4c8ea308511e01d0e, type: 3}
  m_Controller: {fileID: 0}
  m_CullingMode: 1
  m_UpdateMode: 0
  m_ApplyRootMotion: 1
  m_LinearVelocityBlending: 0
  m_WarningMessage: 
  m_HasTransformHierarchy: 1
  m_AllowConstantClipSamplingOptimization: 1
  m_KeepAnimatorControllerStateOnDisable: 0
--- !u!54 &8614828718033869607
Rigidbody:
  m_ObjectHideFlags: 0
  m_CorrespondingSourceObject: {fileID: 0}
  m_PrefabInstance: {fileID: 0}
  m_PrefabAsset: {fileID: 0}
  m_GameObject: {fileID: 8614828717778538936}
  serializedVersion: 2
  m_Mass: 1
  m_Drag: 0
  m_AngularDrag: 0.05
  m_UseGravity: 1
  m_IsKinematic: 1
  m_Interpolate: 0
  m_Constraints: 0
  m_CollisionDetection: 0
--- !u!65 &8614828718033869601
BoxCollider:
  m_ObjectHideFlags: 0
  m_CorrespondingSourceObject: {fileID: 0}
  m_PrefabInstance: {fileID: 0}
  m_PrefabAsset: {fileID: 0}
  m_GameObject: {fileID: 8614828717778538936}
  m_Material: {fileID: 0}
  m_IsTrigger: 1
  m_Enabled: 1
  serializedVersion: 2
  m_Size: {x: 1, y: 1, z: 2.050167}
  m_Center: {x: 0.0000000015180072, y: 0, z: 0.5250826}
--- !u!65 &8614828718033869600
BoxCollider:
  m_ObjectHideFlags: 0
  m_CorrespondingSourceObject: {fileID: 0}
  m_PrefabInstance: {fileID: 0}
  m_PrefabAsset: {fileID: 0}
  m_GameObject: {fileID: 8614828717778538936}
  m_Material: {fileID: 0}
  m_IsTrigger: 0
  m_Enabled: 1
  serializedVersion: 2
  m_Size: {x: 0.5287811, y: 2.333327, z: 0.462233}
  m_Center: {x: 0.0029743311, y: 0.66666526, z: -0.010395189}
--- !u!114 &8614828718033869603
MonoBehaviour:
  m_ObjectHideFlags: 0
  m_CorrespondingSourceObject: {fileID: 0}
  m_PrefabInstance: {fileID: 0}
  m_PrefabAsset: {fileID: 0}
  m_GameObject: {fileID: 8614828717778538936}
  m_Enabled: 1
  m_EditorHideFlags: 0
  m_Script: {fileID: 11500000, guid: ff7957fae68c140499d22c6051c657b2, type: 3}
  m_Name: 
  m_EditorClassIdentifier: 
  sword:
  - {fileID: 8614828718142318323}
  - {fileID: 8613766591988933049}
  pressFText: {fileID: 0}
  arrestedText: {fileID: 0}
--- !u!1 &8614828717778538938
GameObject:
  m_ObjectHideFlags: 0
  m_CorrespondingSourceObject: {fileID: 0}
  m_PrefabInstance: {fileID: 0}
  m_PrefabAsset: {fileID: 0}
  serializedVersion: 6
  m_Component:
  - component: {fileID: 8614828717778242970}
  m_Layer: 0
  m_Name: PT_Medieval_Female_Quiver_slot
  m_TagString: Untagged
  m_Icon: {fileID: 0}
  m_NavMeshLayer: 0
  m_StaticEditorFlags: 0
  m_IsActive: 1
--- !u!4 &8614828717778242970
Transform:
  m_ObjectHideFlags: 0
  m_CorrespondingSourceObject: {fileID: 0}
  m_PrefabInstance: {fileID: 0}
  m_PrefabAsset: {fileID: 0}
  m_GameObject: {fileID: 8614828717778538938}
  m_LocalRotation: {x: 0.003948614, y: 0.00032025026, z: -0.2761965, w: 0.961093}
  m_LocalPosition: {x: 0.06647717, y: -0.0077989674, z: -0.17505096}
  m_LocalScale: {x: 1, y: 1, z: 1}
  m_Children: []
  m_Father: {fileID: 8614828717778242666}
  m_RootOrder: 5
  m_LocalEulerAnglesHint: {x: 0, y: 0, z: 0}
--- !u!1 &8614828717778538940
GameObject:
  m_ObjectHideFlags: 0
  m_CorrespondingSourceObject: {fileID: 0}
  m_PrefabInstance: {fileID: 0}
  m_PrefabAsset: {fileID: 0}
  serializedVersion: 6
  m_Component:
  - component: {fileID: 8614828717778242972}
  m_Layer: 0
  m_Name: PT_Medieval_Female_Neck
  m_TagString: Untagged
  m_Icon: {fileID: 0}
  m_NavMeshLayer: 0
  m_StaticEditorFlags: 0
  m_IsActive: 1
--- !u!4 &8614828717778242972
Transform:
  m_ObjectHideFlags: 0
  m_CorrespondingSourceObject: {fileID: 0}
  m_PrefabInstance: {fileID: 0}
  m_PrefabAsset: {fileID: 0}
  m_GameObject: {fileID: 8614828717778538940}
  m_LocalRotation: {x: 0.05455322, y: -0, z: -0, w: 0.9985109}
  m_LocalPosition: {x: -0, y: 0.13821998, z: -0.0041759536}
  m_LocalScale: {x: 1, y: 1, z: 1}
  m_Children:
  - {fileID: 8614828717778243016}
  m_Father: {fileID: 8614828717778242666}
  m_RootOrder: 4
  m_LocalEulerAnglesHint: {x: 0, y: 0, z: 0}
--- !u!1 &8614828717778538942
GameObject:
  m_ObjectHideFlags: 0
  m_CorrespondingSourceObject: {fileID: 0}
  m_PrefabInstance: {fileID: 0}
  m_PrefabAsset: {fileID: 0}
  serializedVersion: 6
  m_Component:
  - component: {fileID: 8614828717778242974}
  - component: {fileID: 8614828717792206060}
  m_Layer: 0
  m_Name: PT_Medieval_Female_Peasant_01
  m_TagString: Untagged
  m_Icon: {fileID: 0}
  m_NavMeshLayer: 0
  m_StaticEditorFlags: 0
  m_IsActive: 1
--- !u!4 &8614828717778242974
Transform:
  m_ObjectHideFlags: 0
  m_CorrespondingSourceObject: {fileID: 0}
  m_PrefabInstance: {fileID: 0}
  m_PrefabAsset: {fileID: 0}
  m_GameObject: {fileID: 8614828717778538942}
  m_LocalRotation: {x: 0, y: -0, z: -0, w: 1}
  m_LocalPosition: {x: -0, y: 0, z: 0}
  m_LocalScale: {x: 1, y: 1, z: 1}
  m_Children: []
  m_Father: {fileID: 8614828717778243020}
  m_RootOrder: 0
  m_LocalEulerAnglesHint: {x: 0, y: 0, z: 0}
--- !u!137 &8614828717792206060
SkinnedMeshRenderer:
  m_ObjectHideFlags: 0
  m_CorrespondingSourceObject: {fileID: 0}
  m_PrefabInstance: {fileID: 0}
  m_PrefabAsset: {fileID: 0}
  m_GameObject: {fileID: 8614828717778538942}
  m_Enabled: 1
  m_CastShadows: 1
  m_ReceiveShadows: 1
  m_DynamicOccludee: 1
  m_MotionVectors: 1
  m_LightProbeUsage: 1
  m_ReflectionProbeUsage: 1
  m_RenderingLayerMask: 1
  m_RendererPriority: 0
  m_Materials:
  - {fileID: 2100000, guid: 22afcda8ed8075e4da06a1fca79e9d3e, type: 2}
  m_StaticBatchInfo:
    firstSubMesh: 0
    subMeshCount: 0
  m_StaticBatchRoot: {fileID: 0}
  m_ProbeAnchor: {fileID: 0}
  m_LightProbeVolumeOverride: {fileID: 0}
  m_ScaleInLightmap: 1
  m_PreserveUVs: 0
  m_IgnoreNormalsForChartDetection: 0
  m_ImportantGI: 0
  m_StitchLightmapSeams: 0
  m_SelectedEditorRenderState: 3
  m_MinimumChartSize: 4
  m_AutoUVMaxDistance: 0.5
  m_AutoUVMaxAngle: 89
  m_LightmapParameters: {fileID: 0}
  m_SortingLayerID: 0
  m_SortingLayer: 0
  m_SortingOrder: 0
  serializedVersion: 2
  m_Quality: 0
  m_UpdateWhenOffscreen: 0
  m_SkinnedMotionVectors: 1
  m_Mesh: {fileID: 4300000, guid: 5f29dd01165c45f4c8ea308511e01d0e, type: 3}
  m_Bones:
  - {fileID: 8614828717778243014}
  - {fileID: 8614828717778242670}
  - {fileID: 8614828717778242664}
  - {fileID: 8614828717778242666}
  - {fileID: 8614828717778242644}
  - {fileID: 8614828717778242986}
  - {fileID: 8614828717778243000}
  - {fileID: 8614828717778243002}
  - {fileID: 8614828717778242652}
  - {fileID: 8614828717778242654}
  - {fileID: 8614828717778242648}
  - {fileID: 8614828717778242996}
  - {fileID: 8614828717778242998}
  - {fileID: 8614828717778242992}
  - {fileID: 8614828717778242994}
  - {fileID: 8614828717778242636}
  - {fileID: 8614828717778242638}
  - {fileID: 8614828717778242630}
  - {fileID: 8614828717778242624}
  - {fileID: 8614828717778242626}
  - {fileID: 8614828717778242632}
  - {fileID: 8614828717778242634}
  - {fileID: 8614828717778242628}
  - {fileID: 8614828717778242972}
  - {fileID: 8614828717778243016}
  - {fileID: 8614828717778243018}
  - {fileID: 8614828717778243012}
  - {fileID: 8614828717778243022}
  - {fileID: 8614828717778243030}
  - {fileID: 8614828717778243024}
  - {fileID: 8614828717778243026}
  - {fileID: 8614828717778243052}
  - {fileID: 8614828717778242982}
  - {fileID: 8614828717778242976}
  - {fileID: 8614828717778242978}
  - {fileID: 8614828717778243004}
  - {fileID: 8614828717778242954}
  - {fileID: 8614828717778243034}
  - {fileID: 8614828717778243048}
  - {fileID: 8614828717778243050}
  - {fileID: 8614828717778243044}
  - {fileID: 8614828717778243046}
  - {fileID: 8614828717778243040}
  - {fileID: 8614828717778243042}
  - {fileID: 8614828717778243068}
  - {fileID: 8614828717778243070}
  - {fileID: 8614828717778243062}
  - {fileID: 8614828717778243056}
  - {fileID: 8614828717778243058}
  - {fileID: 8614828717778243064}
  - {fileID: 8614828717778243066}
  - {fileID: 8614828717778243060}
  - {fileID: 8614828717778242956}
  - {fileID: 8614828717778242958}
  - {fileID: 8614828717778242640}
  - {fileID: 8614828717778242650}
  - {fileID: 8614828717778243006}
  - {fileID: 8614828717778242646}
  - {fileID: 8614828717778242964}
  - {fileID: 8614828717778242980}
  - {fileID: 8614828717778242966}
  - {fileID: 8614828717778242960}
  - {fileID: 8614828717778242962}
  - {fileID: 8614828717778242988}
  - {fileID: 8614828717778242950}
  - {fileID: 8614828717778242952}
  - {fileID: 8614828717778243054}
  - {fileID: 8614828717778242948}
  - {fileID: 8614828717778243008}
  - {fileID: 8614828717778243028}
  - {fileID: 8614828717778243010}
  - {fileID: 8614828717778243036}
  - {fileID: 8614828717778243038}
  - {fileID: 8614828717778243032}
  m_BlendShapeWeights: []
  m_RootBone: {fileID: 8614828717778243014}
  m_AABB:
    m_Center: {x: 0, y: -0.18910229, z: 0.0137296915}
    m_Extent: {x: 0.88642263, y: 0.9547329, z: 0.3025204}
  m_DirtyAABB: 0
--- !u!1 &8614828717778538976
GameObject:
  m_ObjectHideFlags: 0
  m_CorrespondingSourceObject: {fileID: 0}
  m_PrefabInstance: {fileID: 0}
  m_PrefabAsset: {fileID: 0}
  serializedVersion: 6
  m_Component:
  - component: {fileID: 8614828717778243008}
  m_Layer: 0
  m_Name: PT_Medieval_Female_Left_BackCloth
  m_TagString: Untagged
  m_Icon: {fileID: 0}
  m_NavMeshLayer: 0
  m_StaticEditorFlags: 0
  m_IsActive: 1
--- !u!4 &8614828717778243008
Transform:
  m_ObjectHideFlags: 0
  m_CorrespondingSourceObject: {fileID: 0}
  m_PrefabInstance: {fileID: 0}
  m_PrefabAsset: {fileID: 0}
  m_GameObject: {fileID: 8614828717778538976}
  m_LocalRotation: {x: 0.00016803628, y: 0.006834478, z: 0.99967456, w: 0.024578555}
  m_LocalPosition: {x: -0.013271208, y: 0.015384114, z: 0.13348961}
  m_LocalScale: {x: 1, y: 1, z: 1}
  m_Children:
  - {fileID: 8614828717778243028}
  m_Father: {fileID: 8614828717778242950}
  m_RootOrder: 0
  m_LocalEulerAnglesHint: {x: 0, y: 0, z: 0}
--- !u!1 &8614828717778538978
GameObject:
  m_ObjectHideFlags: 0
  m_CorrespondingSourceObject: {fileID: 0}
  m_PrefabInstance: {fileID: 0}
  m_PrefabAsset: {fileID: 0}
  serializedVersion: 6
  m_Component:
  - component: {fileID: 8614828717778243010}
  m_Layer: 0
  m_Name: PT_Medieval_Female_Left_BackCloth3
  m_TagString: Untagged
  m_Icon: {fileID: 0}
  m_NavMeshLayer: 0
  m_StaticEditorFlags: 0
  m_IsActive: 1
--- !u!4 &8614828717778243010
Transform:
  m_ObjectHideFlags: 0
  m_CorrespondingSourceObject: {fileID: 0}
  m_PrefabInstance: {fileID: 0}
  m_PrefabAsset: {fileID: 0}
  m_GameObject: {fileID: 8614828717778538978}
  m_LocalRotation: {x: 0, y: -0, z: -0, w: 1}
  m_LocalPosition: {x: -0.0017780999, y: 0.203908, z: 0.010575994}
  m_LocalScale: {x: 1, y: 1, z: 1}
  m_Children: []
  m_Father: {fileID: 8614828717778243028}
  m_RootOrder: 0
  m_LocalEulerAnglesHint: {x: 0, y: 0, z: 0}
--- !u!1 &8614828717778538980
GameObject:
  m_ObjectHideFlags: 0
  m_CorrespondingSourceObject: {fileID: 0}
  m_PrefabInstance: {fileID: 0}
  m_PrefabAsset: {fileID: 0}
  serializedVersion: 6
  m_Component:
  - component: {fileID: 8614828717778243012}
  m_Layer: 0
  m_Name: PT_Medieval_Female_HeadTopFeathers
  m_TagString: Untagged
  m_Icon: {fileID: 0}
  m_NavMeshLayer: 0
  m_StaticEditorFlags: 0
  m_IsActive: 1
--- !u!4 &8614828717778243012
Transform:
  m_ObjectHideFlags: 0
  m_CorrespondingSourceObject: {fileID: 0}
  m_PrefabInstance: {fileID: 0}
  m_PrefabAsset: {fileID: 0}
  m_GameObject: {fileID: 8614828717778538980}
  m_LocalRotation: {x: 0, y: -0, z: -0, w: 1}
  m_LocalPosition: {x: -0, y: 0.079586856, z: -0.065344654}
  m_LocalScale: {x: 1, y: 1, z: 1}
  m_Children: []
  m_Father: {fileID: 8614828717778243018}
  m_RootOrder: 0
  m_LocalEulerAnglesHint: {x: 0, y: 0, z: 0}
--- !u!1 &8614828717778538982
GameObject:
  m_ObjectHideFlags: 0
  m_CorrespondingSourceObject: {fileID: 0}
  m_PrefabInstance: {fileID: 0}
  m_PrefabAsset: {fileID: 0}
  serializedVersion: 6
  m_Component:
  - component: {fileID: 8614828717778243014}
  m_Layer: 0
  m_Name: PT_Medieval_Female_Hips
  m_TagString: Untagged
  m_Icon: {fileID: 0}
  m_NavMeshLayer: 0
  m_StaticEditorFlags: 0
  m_IsActive: 1
--- !u!4 &8614828717778243014
Transform:
  m_ObjectHideFlags: 0
  m_CorrespondingSourceObject: {fileID: 0}
  m_PrefabInstance: {fileID: 0}
  m_PrefabAsset: {fileID: 0}
  m_GameObject: {fileID: 8614828717778538982}
  m_LocalRotation: {x: 0, y: -0, z: -0, w: 1}
  m_LocalPosition: {x: -0, y: 1.0312524, z: -0.0041973833}
  m_LocalScale: {x: 1, y: 1, z: 1}
  m_Children:
  - {fileID: 8614828717778242950}
  - {fileID: 8614828717778242640}
  - {fileID: 8614828717778242670}
  m_Father: {fileID: 8614828717778242968}
  m_RootOrder: 1
  m_LocalEulerAnglesHint: {x: 0, y: 0, z: 0}
--- !u!1 &8614828717778538984
GameObject:
  m_ObjectHideFlags: 0
  m_CorrespondingSourceObject: {fileID: 0}
  m_PrefabInstance: {fileID: 0}
  m_PrefabAsset: {fileID: 0}
  serializedVersion: 6
  m_Component:
  - component: {fileID: 8614828717778243016}
  m_Layer: 0
  m_Name: PT_Medieval_Female_Head
  m_TagString: Untagged
  m_Icon: {fileID: 0}
  m_NavMeshLayer: 0
  m_StaticEditorFlags: 0
  m_IsActive: 1
--- !u!4 &8614828717778243016
Transform:
  m_ObjectHideFlags: 0
  m_CorrespondingSourceObject: {fileID: 0}
  m_PrefabInstance: {fileID: 0}
  m_PrefabAsset: {fileID: 0}
  m_GameObject: {fileID: 8614828717778538984}
  m_LocalRotation: {x: 0, y: -0, z: -0, w: 1}
  m_LocalPosition: {x: -0.0014507287, y: 0.080071904, z: 0.024500813}
  m_LocalScale: {x: 1, y: 1, z: 1}
  m_Children:
  - {fileID: 8614828717778243018}
  m_Father: {fileID: 8614828717778242972}
  m_RootOrder: 0
  m_LocalEulerAnglesHint: {x: 0, y: 0, z: 0}
--- !u!1 &8614828717778538986
GameObject:
  m_ObjectHideFlags: 0
  m_CorrespondingSourceObject: {fileID: 0}
  m_PrefabInstance: {fileID: 0}
  m_PrefabAsset: {fileID: 0}
  serializedVersion: 6
  m_Component:
  - component: {fileID: 8614828717778243018}
  m_Layer: 0
  m_Name: PT_Medieval_Female_HeadTop
  m_TagString: Untagged
  m_Icon: {fileID: 0}
  m_NavMeshLayer: 0
  m_StaticEditorFlags: 0
  m_IsActive: 1
--- !u!4 &8614828717778243018
Transform:
  m_ObjectHideFlags: 0
  m_CorrespondingSourceObject: {fileID: 0}
  m_PrefabInstance: {fileID: 0}
  m_PrefabAsset: {fileID: 0}
  m_GameObject: {fileID: 8614828717778538986}
  m_LocalRotation: {x: 0, y: -0, z: -0, w: 1}
  m_LocalPosition: {x: 0.0014507287, y: 0.22351228, z: 0.014664958}
  m_LocalScale: {x: 1, y: 1, z: 1}
  m_Children:
  - {fileID: 8614828717778243012}
  m_Father: {fileID: 8614828717778243016}
  m_RootOrder: 0
  m_LocalEulerAnglesHint: {x: 0, y: 0, z: 0}
--- !u!1 &8614828717778538988
GameObject:
  m_ObjectHideFlags: 0
  m_CorrespondingSourceObject: {fileID: 0}
  m_PrefabInstance: {fileID: 0}
  m_PrefabAsset: {fileID: 0}
  serializedVersion: 6
  m_Component:
  - component: {fileID: 8614828717778243020}
  m_Layer: 0
  m_Name: Medieval_Lowpoly_Peasants
  m_TagString: Untagged
  m_Icon: {fileID: 0}
  m_NavMeshLayer: 0
  m_StaticEditorFlags: 0
  m_IsActive: 1
--- !u!4 &8614828717778243020
Transform:
  m_ObjectHideFlags: 0
  m_CorrespondingSourceObject: {fileID: 0}
  m_PrefabInstance: {fileID: 0}
  m_PrefabAsset: {fileID: 0}
  m_GameObject: {fileID: 8614828717778538988}
  m_LocalRotation: {x: 0, y: -0, z: -0, w: 1}
  m_LocalPosition: {x: -0, y: 0, z: 0}
  m_LocalScale: {x: 1, y: 1, z: 1}
  m_Children:
  - {fileID: 8614828717778242974}
  m_Father: {fileID: 8614828717778242968}
  m_RootOrder: 0
  m_LocalEulerAnglesHint: {x: 0, y: 0, z: 0}
--- !u!1 &8614828717778538990
GameObject:
  m_ObjectHideFlags: 0
  m_CorrespondingSourceObject: {fileID: 0}
  m_PrefabInstance: {fileID: 0}
  m_PrefabAsset: {fileID: 0}
  serializedVersion: 6
  m_Component:
  - component: {fileID: 8614828717778243022}
  m_Layer: 0
  m_Name: PT_Medieval_Female_Cape
  m_TagString: Untagged
  m_Icon: {fileID: 0}
  m_NavMeshLayer: 0
  m_StaticEditorFlags: 0
  m_IsActive: 1
--- !u!4 &8614828717778243022
Transform:
  m_ObjectHideFlags: 0
  m_CorrespondingSourceObject: {fileID: 0}
  m_PrefabInstance: {fileID: 0}
  m_PrefabAsset: {fileID: 0}
  m_GameObject: {fileID: 8614828717778538990}
  m_LocalRotation: {x: 0, y: -0, z: -0, w: 1}
  m_LocalPosition: {x: -0, y: 0.08857022, z: -0.14888078}
  m_LocalScale: {x: 1, y: 1, z: 1}
  m_Children:
  - {fileID: 8614828717778243030}
  - {fileID: 8614828717778242982}
  m_Father: {fileID: 8614828717778242666}
  m_RootOrder: 0
  m_LocalEulerAnglesHint: {x: 0, y: 0, z: 0}
--- !u!1 &8614828717778538992
GameObject:
  m_ObjectHideFlags: 0
  m_CorrespondingSourceObject: {fileID: 0}
  m_PrefabInstance: {fileID: 0}
  m_PrefabAsset: {fileID: 0}
  serializedVersion: 6
  m_Component:
  - component: {fileID: 8614828717778243024}
  m_Layer: 0
  m_Name: PT_Medieval_Female_LeftCape2
  m_TagString: Untagged
  m_Icon: {fileID: 0}
  m_NavMeshLayer: 0
  m_StaticEditorFlags: 0
  m_IsActive: 1
--- !u!4 &8614828717778243024
Transform:
  m_ObjectHideFlags: 0
  m_CorrespondingSourceObject: {fileID: 0}
  m_PrefabInstance: {fileID: 0}
  m_PrefabAsset: {fileID: 0}
  m_GameObject: {fileID: 8614828717778538992}
  m_LocalRotation: {x: 0, y: -0, z: -0, w: 1}
  m_LocalPosition: {x: 0.00825, y: 0.36404753, z: 0.04708202}
  m_LocalScale: {x: 1, y: 1, z: 1}
  m_Children:
  - {fileID: 8614828717778243026}
  m_Father: {fileID: 8614828717778243030}
  m_RootOrder: 0
  m_LocalEulerAnglesHint: {x: 0, y: 0, z: 0}
--- !u!1 &8614828717778538994
GameObject:
  m_ObjectHideFlags: 0
  m_CorrespondingSourceObject: {fileID: 0}
  m_PrefabInstance: {fileID: 0}
  m_PrefabAsset: {fileID: 0}
  serializedVersion: 6
  m_Component:
  - component: {fileID: 8614828717778243026}
  m_Layer: 0
  m_Name: PT_Medieval_Female_LeftCape3
  m_TagString: Untagged
  m_Icon: {fileID: 0}
  m_NavMeshLayer: 0
  m_StaticEditorFlags: 0
  m_IsActive: 1
--- !u!4 &8614828717778243026
Transform:
  m_ObjectHideFlags: 0
  m_CorrespondingSourceObject: {fileID: 0}
  m_PrefabInstance: {fileID: 0}
  m_PrefabAsset: {fileID: 0}
  m_GameObject: {fileID: 8614828717778538994}
  m_LocalRotation: {x: 0, y: -0, z: -0, w: 1}
  m_LocalPosition: {x: -0.0056829997, y: 0.35933298, z: 0.03601654}
  m_LocalScale: {x: 1, y: 1, z: 1}
  m_Children:
  - {fileID: 8614828717778243052}
  m_Father: {fileID: 8614828717778243024}
  m_RootOrder: 0
  m_LocalEulerAnglesHint: {x: 0, y: 0, z: 0}
--- !u!1 &8614828717778538996
GameObject:
  m_ObjectHideFlags: 0
  m_CorrespondingSourceObject: {fileID: 0}
  m_PrefabInstance: {fileID: 0}
  m_PrefabAsset: {fileID: 0}
  serializedVersion: 6
  m_Component:
  - component: {fileID: 8614828717778243028}
  m_Layer: 0
  m_Name: PT_Medieval_Female_LeftBackCloth2
  m_TagString: Untagged
  m_Icon: {fileID: 0}
  m_NavMeshLayer: 0
  m_StaticEditorFlags: 0
  m_IsActive: 1
--- !u!4 &8614828717778243028
Transform:
  m_ObjectHideFlags: 0
  m_CorrespondingSourceObject: {fileID: 0}
  m_PrefabInstance: {fileID: 0}
  m_PrefabAsset: {fileID: 0}
  m_GameObject: {fileID: 8614828717778538996}
  m_LocalRotation: {x: 0, y: -0, z: -0, w: 1}
  m_LocalPosition: {x: -0.00057459995, y: 0.16590753, z: 0.00854}
  m_LocalScale: {x: 1, y: 1, z: 1}
  m_Children:
  - {fileID: 8614828717778243010}
  m_Father: {fileID: 8614828717778243008}
  m_RootOrder: 0
  m_LocalEulerAnglesHint: {x: 0, y: 0, z: 0}
--- !u!1 &8614828717778538998
GameObject:
  m_ObjectHideFlags: 0
  m_CorrespondingSourceObject: {fileID: 0}
  m_PrefabInstance: {fileID: 0}
  m_PrefabAsset: {fileID: 0}
  serializedVersion: 6
  m_Component:
  - component: {fileID: 8614828717778243030}
  m_Layer: 0
  m_Name: PT_Medieval_Female_LeftCape
  m_TagString: Untagged
  m_Icon: {fileID: 0}
  m_NavMeshLayer: 0
  m_StaticEditorFlags: 0
  m_IsActive: 1
--- !u!4 &8614828717778243030
Transform:
  m_ObjectHideFlags: 0
  m_CorrespondingSourceObject: {fileID: 0}
  m_PrefabInstance: {fileID: 0}
  m_PrefabAsset: {fileID: 0}
  m_GameObject: {fileID: 8614828717778538998}
  m_LocalRotation: {x: 1, y: 0, z: 0, w: -6.123234e-17}
  m_LocalPosition: {x: -0.11146, y: -0.0020680183, z: 0.000052423267}
  m_LocalScale: {x: 1, y: 1, z: 1}
  m_Children:
  - {fileID: 8614828717778243024}
  m_Father: {fileID: 8614828717778243022}
  m_RootOrder: 0
  m_LocalEulerAnglesHint: {x: 0, y: 0, z: 0}
--- !u!1 &8614828717778539000
GameObject:
  m_ObjectHideFlags: 0
  m_CorrespondingSourceObject: {fileID: 0}
  m_PrefabInstance: {fileID: 0}
  m_PrefabAsset: {fileID: 0}
  serializedVersion: 6
  m_Component:
  - component: {fileID: 8614828717778243032}
  m_Layer: 0
  m_Name: PT_Medieval_Female_Left_FrontCloth3
  m_TagString: Untagged
  m_Icon: {fileID: 0}
  m_NavMeshLayer: 0
  m_StaticEditorFlags: 0
  m_IsActive: 1
--- !u!4 &8614828717778243032
Transform:
  m_ObjectHideFlags: 0
  m_CorrespondingSourceObject: {fileID: 0}
  m_PrefabInstance: {fileID: 0}
  m_PrefabAsset: {fileID: 0}
  m_GameObject: {fileID: 8614828717778539000}
  m_LocalRotation: {x: 0, y: -0, z: -0, w: 1}
  m_LocalPosition: {x: -5.1514347e-16, y: -0.216409, z: 0.0040680054}
  m_LocalScale: {x: 1, y: 1, z: 1}
  m_Children: []
  m_Father: {fileID: 8614828717778243038}
  m_RootOrder: 0
  m_LocalEulerAnglesHint: {x: 0, y: 0, z: 0}
--- !u!1 &8614828717778539002
GameObject:
  m_ObjectHideFlags: 0
  m_CorrespondingSourceObject: {fileID: 0}
  m_PrefabInstance: {fileID: 0}
  m_PrefabAsset: {fileID: 0}
  serializedVersion: 6
  m_Component:
  - component: {fileID: 8614828717778243034}
  m_Layer: 0
  m_Name: PT_Medieval_Female_LeftArm
  m_TagString: Untagged
  m_Icon: {fileID: 0}
  m_NavMeshLayer: 0
  m_StaticEditorFlags: 0
  m_IsActive: 1
--- !u!4 &8614828717778243034
Transform:
  m_ObjectHideFlags: 0
  m_CorrespondingSourceObject: {fileID: 0}
  m_PrefabInstance: {fileID: 0}
  m_PrefabAsset: {fileID: 0}
  m_GameObject: {fileID: 8614828717778539002}
  m_LocalRotation: {x: 0.53727806, y: -0.024435336, z: 0.07135675, w: 0.8400259}
  m_LocalPosition: {x: 0.014263342, y: 0.10382312, z: -0.03972504}
  m_LocalScale: {x: 1, y: 1, z: 1}
  m_Children:
  - {fileID: 8614828717778243048}
  m_Father: {fileID: 8614828717778242954}
  m_RootOrder: 0
  m_LocalEulerAnglesHint: {x: 64.978004, y: 4.8310003, z: 12.788001}
--- !u!1 &8614828717778539004
GameObject:
  m_ObjectHideFlags: 0
  m_CorrespondingSourceObject: {fileID: 0}
  m_PrefabInstance: {fileID: 0}
  m_PrefabAsset: {fileID: 0}
  serializedVersion: 6
  m_Component:
  - component: {fileID: 8614828717778243036}
  m_Layer: 0
  m_Name: PT_Medieval_Female_Left_FrontCloth
  m_TagString: Untagged
  m_Icon: {fileID: 0}
  m_NavMeshLayer: 0
  m_StaticEditorFlags: 0
  m_IsActive: 1
--- !u!4 &8614828717778243036
Transform:
  m_ObjectHideFlags: 0
  m_CorrespondingSourceObject: {fileID: 0}
  m_PrefabInstance: {fileID: 0}
  m_PrefabAsset: {fileID: 0}
  m_GameObject: {fileID: 8614828717778539004}
  m_LocalRotation: {x: 0.024578555, y: 0.99967456, z: -0.006834478, w: -0.00016803626}
  m_LocalPosition: {x: -0.012342935, y: 0.009661057, z: -0.12110366}
  m_LocalScale: {x: 1, y: 1, z: 1}
  m_Children:
  - {fileID: 8614828717778243038}
  m_Father: {fileID: 8614828717778242950}
  m_RootOrder: 1
  m_LocalEulerAnglesHint: {x: 0, y: 0, z: 0}
--- !u!1 &8614828717778539006
GameObject:
  m_ObjectHideFlags: 0
  m_CorrespondingSourceObject: {fileID: 0}
  m_PrefabInstance: {fileID: 0}
  m_PrefabAsset: {fileID: 0}
  serializedVersion: 6
  m_Component:
  - component: {fileID: 8614828717778243038}
  m_Layer: 0
  m_Name: PT_Medieval_Female_Left_FrontCloth2
  m_TagString: Untagged
  m_Icon: {fileID: 0}
  m_NavMeshLayer: 0
  m_StaticEditorFlags: 0
  m_IsActive: 1
--- !u!4 &8614828717778243038
Transform:
  m_ObjectHideFlags: 0
  m_CorrespondingSourceObject: {fileID: 0}
  m_PrefabInstance: {fileID: 0}
  m_PrefabAsset: {fileID: 0}
  m_GameObject: {fileID: 8614828717778539006}
  m_LocalRotation: {x: 0, y: -0, z: -0, w: 1}
  m_LocalPosition: {x: -2.1316282e-16, y: -0.15834352, z: 0.007322}
  m_LocalScale: {x: 1, y: 1, z: 1}
  m_Children:
  - {fileID: 8614828717778243032}
  m_Father: {fileID: 8614828717778243036}
  m_RootOrder: 0
  m_LocalEulerAnglesHint: {x: 0, y: 0, z: 0}
--- !u!1 &8614828718142318323
GameObject:
  m_ObjectHideFlags: 0
  m_CorrespondingSourceObject: {fileID: 0}
  m_PrefabInstance: {fileID: 0}
  m_PrefabAsset: {fileID: 0}
  serializedVersion: 6
  m_Component:
  - component: {fileID: 8614828718142318322}
  - component: {fileID: 8614828718142318321}
  m_Layer: 0
  m_Name: ExcecutionSword (5)
  m_TagString: Untagged
  m_Icon: {fileID: 0}
  m_NavMeshLayer: 0
  m_StaticEditorFlags: 0
  m_IsActive: 1
--- !u!4 &8614828718142318322
Transform:
  m_ObjectHideFlags: 0
  m_CorrespondingSourceObject: {fileID: 0}
  m_PrefabInstance: {fileID: 0}
  m_PrefabAsset: {fileID: 0}
  m_GameObject: {fileID: 8614828718142318323}
  m_LocalRotation: {x: 0.9660965, y: -0, z: 0.25818112, w: 0}
  m_LocalPosition: {x: -2.673, y: 2.8000007, z: -1.698}
  m_LocalScale: {x: 0.80000156, y: 0.8000037, z: 0.80000275}
  m_Children:
  - {fileID: 8611332558224321305}
  m_Father: {fileID: 8614828717778242968}
  m_RootOrder: 3
  m_LocalEulerAnglesHint: {x: 0, y: 0, z: 0}
--- !u!114 &8614828718142318321
MonoBehaviour:
  m_ObjectHideFlags: 0
  m_CorrespondingSourceObject: {fileID: 0}
  m_PrefabInstance: {fileID: 0}
  m_PrefabAsset: {fileID: 0}
  m_GameObject: {fileID: 8614828718142318323}
  m_Enabled: 1
  m_EditorHideFlags: 0
  m_Script: {fileID: 11500000, guid: 727f8303a1dcbb848a0bfe2d4c492d19, type: 3}
  m_Name: 
  m_EditorClassIdentifier: 
  sword: {fileID: 8613766591988933049}
  pressFText: {fileID: 0}
  fallDestination: {fileID: 8614828718184221051}
  player: {fileID: 0}
  rotateSpeed: 100
  fallSpeed: 40
  demacia: {fileID: 0}
  askForArrestText: {fileID: 0}
--- !u!1 &8614828718184221028
GameObject:
  m_ObjectHideFlags: 0
  m_CorrespondingSourceObject: {fileID: 0}
  m_PrefabInstance: {fileID: 0}
  m_PrefabAsset: {fileID: 0}
  serializedVersion: 6
  m_Component:
  - component: {fileID: 8614828718184221051}
  m_Layer: 0
  m_Name: fallDestination (5)
  m_TagString: Untagged
  m_Icon: {fileID: 0}
  m_NavMeshLayer: 0
  m_StaticEditorFlags: 0
  m_IsActive: 1
--- !u!4 &8614828718184221051
Transform:
  m_ObjectHideFlags: 0
  m_CorrespondingSourceObject: {fileID: 0}
  m_PrefabInstance: {fileID: 0}
  m_PrefabAsset: {fileID: 0}
  m_GameObject: {fileID: 8614828718184221028}
  m_LocalRotation: {x: 0.9660966, y: -0, z: 0.25818118, w: 0}
  m_LocalPosition: {x: 0, y: 1.472, z: 0}
  m_LocalScale: {x: 0.80000174, y: 0.8000042, z: 0.80000347}
  m_Children: []
  m_Father: {fileID: 8614828717778242968}
  m_RootOrder: 2
  m_LocalEulerAnglesHint: {x: 0, y: 0, z: 0}
--- !u!1001 &8614828718383478719
PrefabInstance:
  m_ObjectHideFlags: 0
  serializedVersion: 2
  m_Modification:
    m_TransformParent: {fileID: 8614828718142318322}
    m_Modifications:
    - target: {fileID: 1189674227078662, guid: ec413a0fd2a940f4d9475a8299d85f9c, type: 3}
      propertyPath: m_Name
      value: MoonSword (1)
      objectReference: {fileID: 0}
    - target: {fileID: 1189674227078662, guid: ec413a0fd2a940f4d9475a8299d85f9c, type: 3}
      propertyPath: m_IsActive
      value: 1
      objectReference: {fileID: 0}
    - target: {fileID: 4393946019257510, guid: ec413a0fd2a940f4d9475a8299d85f9c, type: 3}
      propertyPath: m_LocalPosition.x
      value: 3.94
      objectReference: {fileID: 0}
    - target: {fileID: 4393946019257510, guid: ec413a0fd2a940f4d9475a8299d85f9c, type: 3}
      propertyPath: m_LocalPosition.y
      value: -0.6000001
      objectReference: {fileID: 0}
    - target: {fileID: 4393946019257510, guid: ec413a0fd2a940f4d9475a8299d85f9c, type: 3}
      propertyPath: m_LocalPosition.z
      value: -0.12
      objectReference: {fileID: 0}
    - target: {fileID: 4393946019257510, guid: ec413a0fd2a940f4d9475a8299d85f9c, type: 3}
      propertyPath: m_LocalRotation.x
      value: -0
      objectReference: {fileID: 0}
    - target: {fileID: 4393946019257510, guid: ec413a0fd2a940f4d9475a8299d85f9c, type: 3}
      propertyPath: m_LocalRotation.y
      value: -0
      objectReference: {fileID: 0}
    - target: {fileID: 4393946019257510, guid: ec413a0fd2a940f4d9475a8299d85f9c, type: 3}
      propertyPath: m_LocalRotation.z
      value: -0
      objectReference: {fileID: 0}
    - target: {fileID: 4393946019257510, guid: ec413a0fd2a940f4d9475a8299d85f9c, type: 3}
      propertyPath: m_LocalRotation.w
      value: 1
      objectReference: {fileID: 0}
    - target: {fileID: 4393946019257510, guid: ec413a0fd2a940f4d9475a8299d85f9c, type: 3}
      propertyPath: m_RootOrder
      value: 0
      objectReference: {fileID: 0}
    - target: {fileID: 4393946019257510, guid: ec413a0fd2a940f4d9475a8299d85f9c, type: 3}
      propertyPath: m_LocalEulerAnglesHint.x
      value: 180
      objectReference: {fileID: 0}
    - target: {fileID: 4393946019257510, guid: ec413a0fd2a940f4d9475a8299d85f9c, type: 3}
      propertyPath: m_LocalEulerAnglesHint.y
      value: 0
      objectReference: {fileID: 0}
    - target: {fileID: 4393946019257510, guid: ec413a0fd2a940f4d9475a8299d85f9c, type: 3}
      propertyPath: m_LocalEulerAnglesHint.z
      value: 0
      objectReference: {fileID: 0}
    - target: {fileID: 4393946019257510, guid: ec413a0fd2a940f4d9475a8299d85f9c, type: 3}
      propertyPath: m_LocalScale.x
      value: 1
      objectReference: {fileID: 0}
    - target: {fileID: 4393946019257510, guid: ec413a0fd2a940f4d9475a8299d85f9c, type: 3}
      propertyPath: m_LocalScale.y
      value: 1
      objectReference: {fileID: 0}
    - target: {fileID: 4393946019257510, guid: ec413a0fd2a940f4d9475a8299d85f9c, type: 3}
      propertyPath: m_LocalScale.z
      value: 1
      objectReference: {fileID: 0}
    - target: {fileID: 23276586274284072, guid: ec413a0fd2a940f4d9475a8299d85f9c,
        type: 3}
      propertyPath: m_Enabled
      value: 1
      objectReference: {fileID: 0}
    - target: {fileID: 198886238429930980, guid: ec413a0fd2a940f4d9475a8299d85f9c,
        type: 3}
      propertyPath: InitialModule.startSize.scalar
      value: 5
      objectReference: {fileID: 0}
    - target: {fileID: 198886238429930980, guid: ec413a0fd2a940f4d9475a8299d85f9c,
        type: 3}
      propertyPath: InitialModule.startLifetime.scalar
      value: 3
      objectReference: {fileID: 0}
    - target: {fileID: 198108176975978386, guid: ec413a0fd2a940f4d9475a8299d85f9c,
        type: 3}
      propertyPath: InitialModule.startSize.scalar
      value: 0.5
      objectReference: {fileID: 0}
    - target: {fileID: 198108176975978386, guid: ec413a0fd2a940f4d9475a8299d85f9c,
        type: 3}
      propertyPath: InitialModule.startSpeed.minScalar
      value: 1
      objectReference: {fileID: 0}
    - target: {fileID: 198108176975978386, guid: ec413a0fd2a940f4d9475a8299d85f9c,
        type: 3}
      propertyPath: InitialModule.startSpeed.scalar
      value: 1
      objectReference: {fileID: 0}
    m_RemovedComponents: []
  m_SourcePrefab: {fileID: 100100000, guid: ec413a0fd2a940f4d9475a8299d85f9c, type: 3}
--- !u!1 &8613766591988933049 stripped
GameObject:
  m_CorrespondingSourceObject: {fileID: 1189674227078662, guid: ec413a0fd2a940f4d9475a8299d85f9c,
    type: 3}
  m_PrefabInstance: {fileID: 8614828718383478719}
  m_PrefabAsset: {fileID: 0}
--- !u!4 &8611332558224321305 stripped
Transform:
  m_CorrespondingSourceObject: {fileID: 4393946019257510, guid: ec413a0fd2a940f4d9475a8299d85f9c,
    type: 3}
  m_PrefabInstance: {fileID: 8614828718383478719}
  m_PrefabAsset: {fileID: 0}
